2080 3392
1017 524 1207 592 Vita.

458 701 579 737 Natus
605 713 688 737 sum
716 700 881 736 Carolus
909 700 1025 736 Helm
1055 701 1247 736 Borussus
1275 711 1307 736 a.
1333 701 1368 736 d.
1390 700 1452 735 XI.
1478 700 1561 736 Kal.
1585 700 1662 736 Ian.
1687 701 1777 736 anni
1806 702 1900 747 1883

339 760 670 803 Schwalbachiae,
706 761 743 795 in
778 760 863 795 vico
898 771 1022 806 prope
1046 759 1300 795 Wetzlariam
1337 759 1409 795 sito
1437 765 1546 805 patre
1574 758 1726 805 Carolo,
1772 765 1899 795 matre

340 821 537 856 Elisabeth
564 832 585 855 e
611 827 726 866 gente
754 819 878 855 Diehl.
929 819 1037 854 Fidei
1064 818 1239 854 addictus
1266 830 1352 853 sum
1381 818 1647 864 evangelicae.

458 879 598 915 Primis
625 879 762 914 litteris
788 879 960 914 imbutus
988 891 1009 914 a
1035 885 1146 924 patre
1174 879 1221 914 ab
1254 889 1353 913 anno
1382 879 1471 923 1896
1496 889 1568 923 per
1594 883 1746 924 septem
1775 889 1902 913 annos

340 938 588 986 gymnasium
629 937 915 973 Wetzlariense
954 937 1208 983 frequentavi,
1252 937 1355 982 quod
1392 943 1473 971 tum
1505 936 1703 972 Friderico
1739 936 1901 972 Fehrsio

342 1004 492 1034 rectore
512 998 687 1042 florebat,
710 997 770 1033 cui
789 998 863 1033 hoc
882 1009 983 1032 anno
998 1003 1150 1032 mortuo
1170 995 1274 1042 piam
1294 995 1523 1031 memoriam
1544 1007 1704 1042 semper
1718 997 1903 1032 servabo.

342 1058 474 1093 Verno
493 1064 671 1103 tempore
698 1057 787 1092 anni
816 1068 905 1102 1901
942 1062 1056 1102 pater
1082 1055 1639 1100 Wetzlariam-Niedergirmes
1667 1054 1901 1091 domicilium

342 1117 546 1160 transtulit,
574 1116 636 1151 ubi
660 1122 842 1151 autumno
870 1115 1045 1151 eiusdem
1073 1115 1162 1150 anni
1189 1120 1354 1150 matrem
1383 1113 1622 1149 carissimam
1648 1120 1902 1161 praematura

344 1182 468 1212 morte
496 1175 588 1211 mihi
615 1176 818 1221 abreptam
846 1175 960 1210 valde
987 1175 1112 1209 doleo.
1163 1175 1266 1210 Vere
1298 1174 1388 1209 anni
1419 1185 1509 1219 1903
1535 1173 1796 1209 testimonium
1825 1185 1905 1209 ma·

343 1235 508 1271 turitatis
540 1235 706 1280 adeptus
742 1234 917 1269 Bonnam
953 1246 1016 1269 me
1053 1234 1193 1268 contuli
1232 1233 1368 1269 studiis
1403 1232 1658 1279 philologieis,
1698 1232 1906 1277 historicis,
1938 1232 1940 1235 ’

344 1295 570 1340 theologicis
605 1305 767 1340 operam
803 1300 1026 1328 navaturus.
1078 1293 1227 1328 Deinde
1261 1305 1282 1328 a
1316 1304 1410 1328 vere
1446 1292 1687 1338 insequentis
1714 1292 1803 1327 anni
1830 1304 1903 1338 per

346 1355 422 1389 duo
449 1354 652 1389 semestria
678 1354 714 1388 in
743 1353 838 1388 sede
865 1353 966 1387 alma
994 1353 1190 1387 Musarum
1218 1351 1460 1387 Berolinensi
1486 1358 1667 1387 versatus
1694 1363 1788 1387 vere
1816 1352 1904 1387 anni

347 1425 437 1460 1905
456 1413 717 1459 Philippinam
735 1412 991 1447 Academiam
1011 1412 1336 1458 Marpurgensem
1359 1411 1446 1456 adii,
1466 1411 1572 1446 cuius
1592 1411 1686 1447 civis
1701 1411 1754 1446 fui
1780 1422 1906 1457 usque

347 1475 395 1508 ad
431 1479 655 1508 autumnum
693 1472 781 1506 anni
824 1483 926 1518 1907.
977 1462 1152 1506 Examen
1187 1471 1406 1517 rigorosum
1443 1470 1626 1516 superavi
1659 1470 1745 1506 Kal.
1774 1470 1906 1515 Quint.

348 1532 437 1568 anni
478 1532 578 1577 1908.
642 1532 776 1577 Usque
816 1533 864 1566 ad
904 1532 1006 1566 diem
1047 1531 1300 1576 promotionis
1339 1530 1539 1576 Marpurgi
1579 1536 1616 1565 et
1654 1529 1911 1565 Wetzlariae·

346 1592 638 1638 Niedergirmes
656 1597 834 1626 versatus
852 1602 950 1635 sum,
977 1596 1019 1625 ut
1042 1591 1090 1625 ad
1113 1602 1277 1625 examen
1301 1601 1372 1635 pro
1397 1589 1579 1625 facultate
1606 1589 1771 1625 docendi
1799 1588 1907 1624 susti-

348 1653 518 1687 nendum
548 1663 609 1686 me
636 1661 930 1697 praepararem.
974 1650 1199 1685 Docuerunt
1226 1661 1288 1684 me
1315 1648 1388 1683 viri
1415 1648 1627 1684 doctissimi
1654 1648 1909 1692 Brinkrnann,

348 1711 573 1755 Buecheler,
584 1711 699 1754 Elter,
708 1709 1083 1754 Erdmann,Goebel,
1093 1709 1245 1754 Jaeger,
1256 1708 1433 1753 Kuntzel,
1442 1708 1657 1752 Litzmann,
1668 1708 1910 1751 Loeschcke,

348 1771 555 1814 Meinhold,
594 1769 744 1813 Nissen,
784 1769 874 1813 Sell,
913 1769 1105 1811 Solmsen,
1144 1768 1300 1803 Weinel
1339 1768 1578 1812 Bonnenses,
1618 1767 1734 1811 Diels,
1778 1766 1907 1810 Helm,

348 1830 588 1874 Koennicke,
610 1829 739 1872 Klebs,
762 1829 912 1872 Munch,
932 1828 1113 1873 Paulsen,
1131 1827 1348 1872 Rothstein,
1369 1827 1520 1871 Struck,
1534 1826 1698 1871 Vahlen,
1712 1826 1909 1870 Wentzel,

350 1902 386 1925 v.
396 1888 948 1924 Wilamowitz-Moellendorff
957 1887 1239 1931 Berolinenses,
1252 1888 1447 1930 Altmann,
1470 1886 1560 1930 Birt,
1576 1885 1721 1930 Cohen,
1738 1884 1911 1929 Diemar,

350 1948 596 1992 Kalbfleisch,
612 1948 740 1990 Klebs,
758 1947 899 1993 Knopf,
915 1947 1055 1991 Maass,
1071 1947 1240 1988 Menzer,
1257 1946 1384 1990 Mirbt,
1400 1946 1556 1991 Natorp,
1576 1944 1704 1989 Niese,
1724 1956 1760 1980 v.
1775 1943 1909 1990 Sybel,

351 2008 499 2053 Thiele,
515 2008 680 2051 Thumb,
696 2007 976 2053 Varrentrapp,
992 2006 1126 2041 Weiss
1140 2006 1455 2052 Marpurgenses.
1498 2004 1560 2039 Ad
1579 2003 1909 2050 proseminarium

352 2067 625 2115 philologicum
674 2079 744 2112 per
795 2067 868 2101 tria
918 2067 1123 2101 semestria
1167 2066 1311 2101 aditum
1357 2064 1447 2100 mihi
1487 2065 1750 2110 praebuerunt
1790 2063 1913 2107 Diels,

353 2127 678 2170 v.Wilamowitz,
698 2126 825 2171 Helm,
844 2126 1090 2170 Kalbfleisch,
1109 2125 1257 2161 Thiele.
1309 2124 1428 2168 Birtii,
1455 2123 1725 2167 Kalbfleischii,
1752 2122 1910 2158 Maassii

354 2186 628 2223 benevolentia
663 2186 804 2221 factum
840 2191 908 2229 est,
942 2191 983 2220 ut
1016 2185 1052 2220 in
1091 2184 1337 2220 seminarium
1372 2183 1581 2229 reciperer,
1622 2182 1727 2218 cuius
1755 2194 1826 2228 per
1848 2182 1911 2217 bis

353 2259 470 2284 senos
506 2258 661 2282 menses
693 2246 838 2281 sodalis
872 2245 1089 2280 ordinarius
1127 2244 1190 2279 fui.
1242 2244 1450 2278 Praeterea
1490 2249 1531 2278 ut
1569 2241 1914 2277 exercitationibus

355 2307 434 2343 suis
451 2308 681 2342 interessem
701 2305 867 2351 benigne
886 2310 1162 2340 concesserunt
1181 2303 1375 2339 historicis
1389 2303 1509 2338 Klebs
1524 2309 1562 2338 et
1576 2302 1705 2346 Niese,
1733 2301 1911 2336 archaeo·

355 2367 487 2412 logicis
514 2378 549 2401 v,
577 2365 708 2411 Sybel.

475 2424 625 2469 Quibus
644 2423 737 2459 viris
760 2424 937 2458 omnibus
957 2434 1120 2468 magnas
1139 2422 1284 2467 gratias
1304 2433 1388 2467 ago,
1416 2420 1627 2467 praecipue
1641 2419 1821 2463 Maassio,
1849 2418 1913 2464 qui

357 2487 404 2521 ad
439 2486 511 2520 hoc
545 2484 772 2530 opusculum
810 2484 1087 2518 instituendum
1132 2495 1194 2518 me
1228 2482 1448 2517 invitaverit
1483 2488 1519 2516 et
1554 2480 1709 2516 consilio
1748 2490 1916 2525 semper

358 2544 560 2580 adiuverit.

433 2887 572 2915 GISSAE
593 2887 709 2913 TYPIS
731 2885 945 2912 OFFICINAE
966 2884 1140 2911 AVLICAE
1164 2883 1215 2910 ET
1237 2882 1502 2910 ACADEMICAE
1524 2881 1576 2907 DE
1596 2879 1847 2908 MUENCHOW-
