2080 3392
786 340 1078 382 --15—

157 460 294 505 Coisl.
329 473 414 516 345
448 458 498 511 Β)
534 457 821 500 ssachmann:
869 454 1044 498 Anecd.
1081 453 1129 507 l.)
1165 452 1266 495 olim
1312 452 1519 494 exstabat
1562 466 1706 493 exem-

156 532 264 589 plar,
301 529 423 587 quod
449 527 643 571 diversis
668 542 725 591 ex
747 526 945 568 fontibus
971 524 1289 581 amplificatum
1316 531 1404 573 est;
1441 523 1555 565 hanc
1579 522 1707 564 lexici

157 601 468 645 recensionem
503 596 808 641 Reitzenstein
851 595 1075 651 significat
1109 594 1254 636 littera
1290 593 1356 636 13²⁵.
1422 593 1528 647 Quo
1562 592 1707 635 lexico

160 673 348 716 Photius
392 685 501 713 usus
550 677 618 712 est
652 668 703 710 cf.
740 683 779 724 p.
815 666 981 711 XLVI.
1018 665 1234 719 „Photius
1278 665 1461 707 benutzt
1506 663 1707 706 wirklich

158 744 239 786 das
275 742 421 785 Werk
461 741 529 791 13³⁶,
576 741 657 782 das
700 754 784 781 uns
832 737 1044 780 verk'urzt
1087 737 1177 778 und
1222 734 1501 791 interpoliert
1545 735 1584 776 in
1629 734 1711 776 der

157 813 453 857 Handschrift
488 812 521 854 Β
556 810 763 866 vorliegt,
799 809 863 851 als
891 807 1234 864 Hauptquelle.‘¹
1303 805 1430 848 Haec
1474 805 1709 850 hactenus

158 885 338 940 Quibus
382 884 519 926 rebus
552 880 772 939 respectis
808 879 968 922 mirum
1003 879 1088 921 iam
1125 892 1215 920 non
1250 886 1331 934 est,
1383 877 1506 933 quod
1539 876 1710 919 scholia

147 944 283 999 'c‘ffr'iist
305 942 472 1011 glossis
506 953 690 997 Bachm.
726 959 815 994 tam
861 957 1071 992 accurate
1106 948 1407 1000 consentiunt,
1458 947 1537 989 sed
1574 947 1712 1003 longe

157 1025 373 1083 plurimas
415 1024 599 1077 glossas
640 1037 741 1065 cum
778 1020 938 1064 Photio
973 1027 1282 1073 congruentes
1325 1018 1456 1061 etiam
1491 1018 1531 1061 in
1566 1018 1711 1061 lexico

163 1093 347 1139 Bachm.
382 1094 471 1151 legi
522 1094 771 1136 notandum
823 1099 903 1134 est.
968 1091 1211 1133 Praeterea
1245 1105 1281 1132 e.
1315 1105 1358 1146 g.
1394 1089 1434 1132 in
1469 1090 1608 1135 schol.
1645 1090 1715 1132 De

158 1167 229 1209 die
263 1166 348 1209 nef.
372 1180 448 1222 24;
483 1179 643 1222 p.209,
678 1179 733 1221 25
765 1164 1011 1217 ἰαλέμων]
1045 1162 1130 1204 lex.
1155 1161 1443 1204 Bachm.sub
1462 1160 1597 1203 finem
1620 1176 1713 1203 ver-

158 1239 263 1281 bum
310 1239 425 1292 >td-500
471 1223 687 1287 servavit,
731 1234 854 1291 quod
899 1233 939 1276 in
977 1233 1138 1276 Photio
1184 1233 1327 1275 deest.
1393 1232 1544 1283 Adde,
1589 1232 1711 1288 quod

158 1308 338 1360 suidas,
389 1307 462 1365 qui
512 1307 630 1350 idem
674 1322 729 1350 ex
777 1306 846 1349 illa
890 1311 1099 1360 συναγωγῇ
1140 1303 1300 1357 hausit,
1352 1304 1410 1357 gl.
1455 1305 1713 1361 ἀβυρτάκη

161 1380 324 1436 (schol.
361 1378 550 1436 Lexiph.
574 1379 620 1429 6;
655 1393 696 1435 p.
724 1392 818 1434 197,
859 1381 894 1430 1)
930 1376 987 1419 ita
1022 1376 1205 1419 exhibet
1238 1383 1286 1417 ut
1319 1374 1576 1426 scholiasta,
1612 1391 1713 1418 cum

158 1450 398 1494 Photius
447 1449 635 1493 Berol.
682 1450 721 1501 8,
763 1463 786 1505 7
837 1456 880 1491 et
928 1448 1089 1490 Phot.
1135 1446 1335 1492 Athen.
1369 1460 1467 1503 315,
1515 1462 1529 1488 1
1584 1447 1712 1489 aliam

162 1521 579 1579 interpretationem
629 1521 839 1563 habeant.
918 1518 1112 1562 Accedit
1160 1518 1292 1561 aliud.
1367 1517 1472 1560 Duo
1521 1517 1714 1561 scholia:

162 1593 284 1637 Phal.
310 1593 339 1641 Ι,
374 1607 423 1649 3;
457 1607 498 1649 p.
518 1607 558 1649 3,
591 1607 618 1649 9
652 1594 865 1646 ἀπαγωγαί]
899 1598 942 1633 et
975 1590 1099 1633 Phal.
1120 1589 1148 1641 I,
1185 1605 1232 1645 7;
1268 1604 1308 1646 p.
1328 1603 1368 1645 5,
1408 1603 1458 1646 15
1493 1591 1715 1644 ἀγάλματα]

163 1672 425 1720 congruunt
460 1678 562 1706 cum
596 1663 778 1705 duobus
813 1661 981 1718 glossis
1016 1661 1201 1706 Bachm.
1222 1661 1278 1715 (in
1304 1660 1467 1716 quibus
1502 1661 1717 1703 nonnulla

159 1736 319 1793 plura).
385 1735 518 1789 Quae
551 1734 737 1791 glossae
771 1733 902 1776 etiam
929 1732 1048 1790 apud
1074 1731 1285 1775 Photium
1320 1731 1623 1783 inveniuntur,
1659 1731 1718 1774 ita

159 1815 324 1857 tamen,
360 1814 407 1848 ut
433 1806 619 1848 alteram
656 1812 831 1862 partem
866 1804 1127 1860 glossarum
1163 1803 1462 1846 conforment.
1527 1802 1718 1845 Exstant

161 1877 219 1933 gl.
240 1891 330 1919 non
362 1876 403 1919 in
439 1876 597 1920 codice
617 1876 839 1927 Galeano,
875 1875 957 1918 sed
994 1875 1035 1917 in
1070 1874 1228 1918 codice
1247 1874 1528 1917 Berolinensi
1564 1889 1716 1930 graec.

161 1956 246 1991 oct.
282 1962 338 1990 22
377 1952 428 2001 (s.
462 1947 706 2002 XI.sXlI.).
782 1947 900 1989 Dum
947 1946 1063 1989 enim
1112 1954 1363 2003 occupatus
1406 1961 1506 1989 sum
1551 1945 1593 1988 in
1635 1946 1718 1987 hac

163 2018 443 2077 quaestione,
480 2019 596 2062 bene
631 2017 803 2070 accidit,
840 2018 962 2074 quod
1000 2017 1397 2060 Reitzenstein
1432 2016 1718 2073 fragmen-

161 2098 265 2133 tum
301 2089 474 2133 lexici
499 2090 763 2133 Photiani
799 2090 1035 2132 continens
1070 2087 1208 2145 glfA
1245 2104 1392 2146 usque
1425 2089 1481 2131 ad
1515 2089 1574 2144 gl.
1600 2092 1720 2145 ἄπαρ-

161 2179 231 2211 νος
265 2177 320 2205 ex
354 2162 425 2205 illo
462 2161 619 2204 codice
651 2160 815 2218 publici
851 2159 959 2203 iuris
989 2159 1104 2203 fecit.
1171 2159 1390 2216 Capimus
1414 2175 1469 2201 ex
1493 2159 1580 2202 hoc
1603 2159 1719 2214 frag-

162 2241 315 2276 mento
339 2241 524 2276 nostrae
550 2231 803 2289 quaestioni
838 2231 1031 2274 fructum
1069 2230 1241 2297 nonita
1268 2245 1501 2287 magnum,
1537 2245 1638 2273 cum
1665 2245 1720 2273 ne

163 2319 251 2347 una
286 2304 468 2360 quidem
503 2303 660 2360 glossa
694 2303 763 2346 hic
797 2302 1065 2354 inveniatur,
1111 2290 1244 2358 quam
1291 2317 1380 2345 non
1418 2302 1541 2345 nisus
1575 2301 1720 2344 lexico

165 2375 348 2419 Bachm.
384 2383 428 2418 et
460 2375 604 2419 Suida
647 2374 731 2417 iam
774 2382 906 2417 antea
940 2374 1104 2417 Photio
1140 2374 1458 2417 vindicandam
1500 2388 1604 2416 esse
1637 2381 1720 2415 sta-

164 2447 422 2490 tuissemus.
487 2446 581 2490 Sed
626 2446 870 2489 redeamus
917 2446 970 2488 ad
1016 2446 1111 2489 illas
1157 2445 1351 2502 glossas.
1417 2445 1720 2489 Scholiastam

164 2532 242 2560 eas
283 2525 521 2575 separatas
554 2517 723 2573 legisse
757 2532 781 2560 e
815 2516 959 2560 lexico
996 2516 1180 2563 Bachm.
1216 2524 1419 2574 apparet.
1485 2516 1617 2570 Quae
1649 2515 1722 2558 dif-

166 2589 341 2631 ficultas
365 2588 535 2631 tollitur
560 2588 645 2631 alio
680 2588 940 2644 fragmento
974 2588 1102 2631 lexici
1136 2587 1281 2640 Phot.,
1319 2588 1444 2643 quod
1477 2602 1501 2630 e
1535 2587 1722 2630 codice

166 2659 519 2703 Atheniensi
557 2660 668 2716 1083
691 2674 725 2702 s.
751 2659 874 2702 XVI.
941 2658 992 2706 C.
1018 2659 1298 2702 Fredrich
1335 2666 1384 2701 et
1408 2658 1721 2702 GWentzel

165 2730 406 2773 ediderunt
460 2731 500 2773 in
546 2730 649 2773 Act.
686 2730 738 2773 R.
774 2730 880 2774 Soc.
919 2730 1018 2773 Litt.
1055 2730 1179 2774 Gott.
1217 2730 1351 2786 1896;
1399 2745 1439 2786 p.
1474 2743 1720 2786 309—335.

166 2800 495 2858 Complectitur
538 2801 624 2843 hoc
671 2801 976 2857 fragmentum
1023 2801 1080 2857 gl.
1123 2802 1355 2858 ἀβραμιαῑος
1396 2827 1437 2831 ——
1472 2800 1721 2857 Ἀδράστεια.

167 2871 272 2925 Quo
315 2872 574 2927 fragmento
620 2872 658 2913 in
706 2887 801 2914 rem
839 2880 1003 2914 vocato
1045 2871 1248 2914 codicem
1285 2871 1625 2914 Berolinensem
1662 2872 1722 2923 (b)
