2080 3392
1019 314 1313 356 fllg„

389 456 663 505 congruunt,
709 448 839 489 etiam
884 445 926 487 in
969 445 1115 487 lexico
1149 444 1331 488 ssachm.
1366 453 1409 486 et
1451 442 1594 487 Suida
1638 443 1941 489 inveniuntur.

391 520 525 563 Haud
562 532 733 576 paucae
768 518 806 559 in
844 516 1018 560 Sinda
1051 516 1279 569 leguntur.
1319 529 1438 571 quae
1471 514 1512 557 in
1549 514 1712 559 Photio
1747 531 1836 559 non
1870 531 1941 560 ex-

388 599 529 639 stant;
564 588 852 632 scdSuidani
889 587 1034 644 ipsum
1071 602 1093 629 a
1129 585 1374 630 scholiasta
1409 596 1676 642 usurpatum
1715 601 1802 630 non
1837 602 1943 631 esse

387 663 473 705 iam
509 677 563 704 ex
599 676 650 703 ea
686 675 734 702 re
768 668 973 716 apertum
1008 659 1070 709 fit,
1106 658 1229 715 quod
1262 659 1398 713 longe
1422 656 1640 715 plurimae
1674 658 1859 714 glossae
1892 658 1943 702 iis

388 732 497 775 locis
522 732 748 787 leguntur,
786 730 950 787 quibus
972 729 1263 772 patriarchae
1288 729 1462 771 lexicon
1490 737 1633 778 vacat,
1666 738 1714 771 ut
1747 743 1828 772 eae
1847 729 1943 772 iure

389 802 551 845 Photio
586 801 898 850 attribuamus,
935 809 1159 857 quatenus
1193 809 1373 843 exstant
1408 800 1447 842 in
1484 799 1640 842 codice
1663 802 1703 849 Δ,
1739 815 1942 857 praeser-

386 875 460 917 tim
497 888 597 916 cum
632 872 877 915 scholiasta
912 886 966 914 ne
1001 886 1091 913 uno
1126 871 1309 927 quidem
1345 872 1444 913 loco
1470 870 1642 914 Suidae
1676 886 1849 914 morem
1885 880 1943 916 te-

386 944 597 987 stimonia
631 943 903 1000 scriptorum
941 942 1159 985 afferendi
1193 950 1425 998 sequatur.
1491 941 1679 984 Praeter
1712 957 1790 985 cas
1824 944 1943 999 glos-

385 1032 475 1067 sas,
511 1030 629 1071 quae
663 1014 823 1056 Photio
859 1013 1159 1056 vindicandae
1193 1021 1310 1065 sunt,
1346 1013 1453 1056 alias
1489 1028 1589 1055 cum
1623 1013 1807 1056 scholiis
1841 1029 1943 1057 con-

386 1087 623 1130 ¹venientes
648 1087 688 1128 in
714 1085 856 1129 Suida
889 1085 1162 1127 invenimus.
1227 1084 1359 1139 Quae
1394 1084 1565 1127 scholia
1601 1084 1751 1127 omnia
1786 1085 1942 1128 brevia

385 1167 492 1201 sunt
534 1166 577 1200 et
623 1172 771 1214 neque
806 1156 969 1199 Photio
1014 1171 1162 1213 neque
1206 1155 1378 1199 Suidae
1420 1156 1658 1198 debentur.
1722 1155 1942 1213 Exempla

387 1231 499 1272 haec
533 1228 744 1271 afferam:
778 1228 920 1270 schol.
947 1227 1127 1283 Dialog.
1154 1243 1262 1270 mar.
1288 1226 1391 1279 XV,
1427 1242 1474 1278 2;
1511 1242 1552 1284 p.
1572 1227 1670 1275 268,
1710 1242 1762 1284 19
1793 1230 1942 1284 ἠιόνα]

384 1303 569 1355 αἰγιαλόν.
591 1320 644 1336 ω
665 1299 814 1344 stud:
849 1302 964 1355 ἠιὼνῑ
1000 1301 1017 1340 ὁ
1043 1301 1218 1353 αἰγιαλός
1241 1298 1312 1352 (Cf.
1332 1298 1398 1341 Et.
1415 1298 1569 1354 Magn.
1595 1313 1694 1354 422,
1728 1313 1780 1356 51
1798 1298 1941 1341 Ἤϊώνζ

387 1375 405 1413 ὁ
430 1374 621 1426 αἰγιαλός,
645 1373 748 1428 παρὰ
771 1372 812 1411 τὸ
833 1374 935 1420 ettam,
956 1372 998 1411 τὸ
1023 1371 1202 1427 ἀκούειν),
1229 1371 1298 1412 vel
1324 1371 1465 1413 schol.
1487 1369 1636 1413 Conv.
1655 1371 1702 1421 6;
1736 1385 1776 1427 p.
1796 1385 1867 1426 30,
1893 1385 1945 1428 14

384 1446 577 1498 κοπίδα]
611 1449 813 1500 μάχαιραν.
836 1465 890 1480 ω
909 1442 1037 1487 Suid,
1062 1445 1197 1489 κοπίςῑ
1229 1445 1253 1498 ἡ
1275 1448 1456 1499 μάχαιρα,
1493 1441 1550 1483 Οὐ
1574 1444 1709 1498 φονίην
1736 1443 1855 1497 ἤϊα-(ε
1874 1477 1882 1484 .
1904 1476 1912 1484 .
1935 1477 1942 1484 .

384 1514 591 1557 Tertium
626 1515 712 1556 hoc
747 1514 956 1557 afferam:
992 1513 1133 1556 schol.
1160 1512 1335 1569 Catapl.
1357 1514 1432 1563 26;
1468 1526 1598 1569 p.52‚
1633 1527 1686 1568 27
1722 1513 1943 1570 ἐμπαροι-

383 1592 446 1627 νῦ)
459 1591 493 1638 ν]
515 1587 743 1644 ἐνυβρίζων.
765 1607 818 1622 (xa
847 1585 975 1630 Suid.
1011 1587 1355 1642 ἐμπαροινοῦντεςῑ
1407 1584 1683 1641 ἐνυβρίζοντετ,
1713 1585 1773 1624 καὶ
1801 1583 1943 1639 Ἰώση-

384 1674 547 1705 πος...
583 1657 651 1703 (Cf.
682 1656 884 1712 Hesych.
920 1658 1273 1713 ἐμπαροῑνοῦνταςῑ
1309 1656 1579 1713 ὑβρίζοντας).
1644 1654 1776 1708 Quae
1811 1656 1944 1712 expli-

386 1728 587 1771 cationes
608 1727 804 1784 exiguae
823 1728 1094 1784 plerumque
1112 1727 1152 1769 in
1183 1726 1340 1769 codice
1355 1726 1711 1769 vetustissimoF
1730 1726 1945 1779 leguntur

382 1808 428 1842 et
475 1799 620 1842 eidem
667 1799 786 1850 sonti,
839 1814 862 1840 e
908 1814 999 1855 quo
1043 1798 1211 1841 Suidas
1256 1798 1417 1844 hausit.
1479 1798 1796 1840 attribuendae
1839 1811 1943 1840 esse

384 1871 611 1921 videntur,
651 1871 729 1913 sed
767 1880 940 1912 certum
988 1869 1197 1912 iudicium
1243 1869 1299 1911 de
1345 1884 1399 1911 eo
1444 1868 1650 1925 proferre
1695 1882 1783 1910 non
1828 1868 1941 1913 licet.

384 1941 649 1997 Hesychius
683 1957 762 1983 eas
797 1941 978 1997 glossas
1013 1950 1088 1983 aut
1122 1941 1306 1993 omnino
1343 1955 1430 1982 non
1467 1939 1663 1991 exhibet,
1706 1948 1782 1982 aut
1816 1939 1943 1982 aliter

381 2013 592 2070 explicat.

503 2084 718 2128 Suidas
753 2092 796 2126 et
841 2083 1069 2126 lexicon
1105 2083 1323 2126 Bachm.
1362 2083 1483 2125 haud
1518 2081 1795 2125 mediocrem
1835 2081 1942 2124 utili-

382 2164 520 2198 tatem
557 2155 751 2198 afferunt
786 2155 840 2196 ad
877 2169 1113 2210 magnas
1150 2154 1330 2196 Photii
1365 2153 1541 2196 lexici
1578 2154 1824 2196 lacunas
1859 2168 1942 2195 ex-

385 2227 660 2284 plendas;
704 2227 784 2269 sed
820 2226 1012 2282 primum
1061 2225 1166 2282 quid
1213 2225 1402 2267 textui
1449 2225 1547 2267 sive
1580 2224 1798 2275 photii,
1844 2223 1943 2267 sive

384 2297 738 2342 scholiorum
774 2297 1100 2340 restituend
1119 2313 1144 2339 o
1175 2296 1468 2353 proficiamus
1494 2295 1685 2352 singulis
1709 2295 1749 2337 in
1774 2295 1941 2348 glossis

384 2384 676 2426 quaeramus.
742 2368 1042 2412 Scholiastam
1079 2369 1236 2410 codice
1270 2382 1401 2410 usum
1437 2382 1539 2410 esse
1574 2366 1780 2410 Galeano
1813 2366 1942 2409 simil⁴

383 2441 489 2483 limo
524 2440 610 2482 iam
644 2454 783 2496 supra
818 2455 857 2497 p.
888 2441 940 2482 16
974 2439 1451 2490 commemoravimus,
1488 2438 1620 2495 plane
1653 2446 1803 2480 autem
1838 2451 1942 2480 eun·

382 2513 487 2554 dem
523 2511 662 2554 fuisse
696 2519 832 2567 atque
866 2512 984 2554 hunc
1019 2525 1257 2566 negamus,
1324 2510 1439 2553 Nam
1460 2510 1577 2553 vide.
1643 2508 1688 2551 ln
1715 2508 1773 2562 gl.
1792 2510 1941 2562 ἰαλεμῶ

383 2582 452 2630 (cf.
488 2583 630 2625 schol.
669 2582 738 2625 De
772 2582 843 2625 die
878 2583 962 2625 nef.
998 2597 1072 2638 24;
1108 2598 1149 2639 p.
1169 2596 1267 2637 209,
1303 2584 1375 2638 25)
1411 2581 1683 2623 scholiastae
1717 2579 1758 2622 in
1793 2594 1942 2622 exem—

384 2654 495 2710 plari
528 2668 561 2699 s,
579 2654 605 2696 f.
622 2656 738 2709 λόγου
769 2653 996 2697 exstitisse
1030 2654 1114 2696 iam
1150 2667 1288 2708 supra
1325 2652 1520 2695 diximus
1553 2653 1611 2708 (p.
1637 2653 1719 2708 15).
1785 2649 1940 2694 Schol.

384 2725 520 2781 Apol,
543 2739 589 2782 5;
626 2740 666 2781 p.
702 2739 800 2781 235,
834 2740 891 2766 20
918 2726 1142 2779 ῥυθμοῖς]
1181 2725 1332 2777 ῥυθμὸς
1365 2722 1479 2776 τάξις
1513 2725 1686 2776 ἐμμελος
1719 2723 1956 2768 ἀκόλουθος-

383 2799 556 2852 άρμονίᾳ,
593 2798 716 2850 μέλος
749 2798 983 2853 εὐφρόσυνον
1025 2795 1236 2838 convenit
1270 2809 1369 2837 cum
1406 2793 1570 2836 Photio
1604 2807 1751 2850 usque
1785 2792 1840 2834 ad
1875 2795 1941 2849 ἁρ-

383 2870 516 2922 μονίᾳ;
550 2866 787 2922 sequentia
817 2868 958 2910 verba
992 2870 1078 2921 μέλ,
1104 2868 1213 2923 εὐφρ.
1239 2864 1401 2908 omittit
1425 2864 1555 2907 Phot.
1619 2864 1858 2907 Traditum
1879 2863 1938 2912 (in
