2080 3392
965 349 1255 405 *58—

334 483 381 522 τά
415 480 506 537 ὑπὲρ
539 481 693 534 Θούλην
726 480 1084 535 τερατολογούμενα
1117 479 1341 518 {monim-tet
1374 485 1419 520 et
1448 492 1490 534 p.
1515 492 1584 530 21,
1609 492 1690 535 25:
1724 479 1768 520 τὸ
1801 477 1895 532 ἐξα-

334 558 458 606 -ςα-(Ξῖν
501 554 616 607 (ip-„ov
659 551 700 591 ἐκ
742 551 821 604 τῆς
864 551 941 604 γῆς
983 550 1233 604 διακωμῳόεῖ.
1315 548 1509 592 Constat
1553 548 1803 592 Lucianum
1849 549 1889 592 in

334 621 667 665 conscribendo
703 620 789 662 hoc
823 619 1009 675 dialogo
1043 618 1259 662 imitatum
1283 634 1387 662 esse
1411 619 1723 663 Antonium
1759 619 1891 664 Dio-

331 707 557 749 genem,
609 691 736 733 cuius
784 690 881 733 libri
931 696 1008 731 τῶν
1050 691 1141 747 ὑπὲρ
1187 692 1341 746 Θοόλην
1386 694 1556 732 ἀπίστων
1588 693 1695 746 λόγον.
1727 690 1780 733 κδ’
1819 706 1893 735 ex·

333 771 487 819 cri-pta
513 762 733 805 Photiana
766 770 949 804 servata
983 770 1088 805 sunt
1118 761 1260 817 (Erot.
1285 762 1437 819 script.
1467 777 1507 819 p.
1531 776 1617 819 507
1640 762 1892 816 Hercher);

333 834 384 879 cf,
409 835 537 889 „trss'q
561 835 622 875 καὶ
656 832 747 891 ῥίζα
781 836 899 876 ἔοικεν
932 836 1063 878 εἶναι,“
1130 833 1431 877 Scholiastam
1468 833 1618 887 igitur,
1652 834 1891 886 Aretham,

332 914 379 947 ut
421 904 631 962 suspicor
674 920 698 948 e
741 904 987 957 codicibus,
1031 904 1194 948 librum
1227 904 1450 961 Diogenis
1494 905 1682 949 novisse
1726 913 1770 949 et
1810 905 1894 949 illis

333 976 485 1019 verbis
529 976 569 1018 in
614 991 715 1018 eurn
763 976 952 1018 tendere
996 975 1288 1033 perspicuum
1339 984 1420 1029 est,
1474 976 1742 1033 praesertim
1790 991 1891 1020 curn

331 1046 506 1089 titulum
542 1046 638 1089 libri
673 1047 711 1089 ei
746 1046 786 1089 in
823 1046 1044 1089 memoria
1077 1046 1216 1090 fuisse
1249 1062 1305 1090 ex
1331 1047 1485 1090 verbis
1521 1049 1582 1101 ,τοὶ
1605 1048 1696 1106 ὑπὲρ
1720 1049 1890 1104 Θούλην*

331 1126 488 1174 aperte
523 1132 797 1174 cognoscas.

866 1425 909 1469 4.
956 1425 1027 1470 De
1059 1426 1357 1481 proverbiis.

449 1519 697 1563 Lucianum
744 1528 790 1563 ut
829 1521 970 1564 libros
1004 1535 1115 1564 suos
1149 1520 1408 1578 proverbiis
1441 1521 1686 1564 illustraret
1719 1535 1891 1578 magna

331 1605 430 1634 curn
467 1606 577 1634 cura
622 1592 855 1635 studuisse
889 1602 1044 1635 notum
1081 1601 1163 1635 est.
1228 1592 1333 1647 Qua
1367 1593 1596 1636 decausa
1629 1592 1671 1635 in
1706 1593 1891 1636 scholiis

329 1677 379 1719 31
410 1661 521 1705 locis
544 1661 872 1719 explicationes
895 1663 1248 1720 proverbiorum
1275 1661 1537 1730 occngint.
1588 1663 1690 1707 Una
1711 1672 1894 1721 sumpta

330 1742 399 1776 est
434 1750 457 1776 e
490 1733 638 1776 Photii
672 1733 819 1777 lexico
855 1734 1011 1787 (schol.
1047 1734 1118 1777 De
1152 1735 1349 1777 merced.
1376 1735 1509 1778 cond.
1544 1749 1626 1786 215
1676 1749 1716 1791 p.
1747 1735 1842 1792 167,
1865 1735 1896 1777 8

328 1805 554 1860 κιγκλίδος])
578 1804 684 1847 alia:
711 1805 853 1848 schol.
879 1805 1088 1848 Hermot.
1114 1820 1191 1862 71j
1226 1820 1268 1862 p.
1291 1820 1388 1863 245,
1417 1820 1433 1848 I
1471 1807 1576 1864 περὶ
1605 1809 1709 1847 ὄνου
1740 1805 1893 1864 σκιᾶς]

330 1883 543 1918 accurate
567 1875 778 1931 congruit
804 1891 905 1919 curn
930 1876 1073 1919 schol.
1100 1875 1209 1921 Plat.
1237 1876 1430 1919 phaedr.
1450 1881 1537 1919 260
1556 1876 1594 1920 C
1618 1877 1676 1933 (p.
1698 1891 1784 1933 272
1802 1876 1891 1929 H.).
1928 1884 1932 1888 ’

329 1945 563 2001 Quattuor
605 1946 716 1990 locis
751 1947 1149 2004 interpretationes
1185 1947 1458 1991 scholiastae
1492 1949 1756 2006 conspirant
1789 1963 1890 1991 cum

329 2032 529 2075 corpore
562 2019 1086 2076 paroemiographorurn
1107 2020 1140 2074 1)
1175 2019 1382 2075 (Zenob.,
1418 2018 1616 2075 Diogen.
1650 2020 1777 2076 etc.):

454 2103 487 2131 1.
530 2088 686 2134 Schol.
731 2088 802 2132 De
847 2090 1045 2133 merced.
1094 2090 1228 2132 cond.
1271 2105 1350 2141 21;
1396 2105 1438 2147 p.
1479 2091 1573 2147 167,
1622 2105 1673 2134 12
1715 2091 1794 2132 ἐπὶ
1834 2092 1897 2131 τὰ

328 2160 702 2217 Μανδροβούλου
736 2167 881 2218 χωρεῖ
920 2174 961 2198 m
1004 2160 1179 2204 Zenob.
1205 2161 1275 2213 III,
1309 2163 1379 2205 80.
1447 2161 1590 2204 Deest
1607 2161 1648 2204 in
1668 2161 1892 2213 Zenobio,

330 2231 455 2288 quod
506 2231 639 2275 codd.
675 2234 704 2273 E
739 2240 782 2275 et
815 2236 842 2273 Δ
876 2234 1073 2275 addunt:
1127 2236 1318 2288 μέμνηται
1358 2233 1532 2274 Πλάτων
1577 2235 1594 2274 ὁ
1636 2234 1810 2288 κωμικὸς
1854 2234 1894 2274 ἐν

328 2303 382 2342 Διὶ
415 2306 654 2359 κακουμένῳ,
719 2302 890 2347 Similia
924 2304 1045 2361 apud
1080 2303 1278 2360 Diogen.
1314 2304 1386 2356 IV,
1422 2305 1492 2360 64.

448 2388 486 2417 2.
522 2373 676 2420 Schol.
697 2374 791 2417 lov.
812 2383 929 2430 trag.
953 2389 1033 2432 32;
1058 2390 1100 2432 p.
1125 2390 1194 2432 70,
1222 2376 1275 2418 16
1298 2376 1344 2416 εὖ
1368 2391 1413 2430 γε
1437 2377 1623 2416 οἴκοθεν
1657 2377 1675 2416 ὁ
1705 2380 1892 2433 μάρτυς

331 2462 373 2487 ω
421 2443 565 2500 Greg.
602 2444 742 2501 Cypr.
779 2444 854 2497 IV,
887 2446 955 2501 64,
1006 2446 1173 2502 Apost.
1209 2445 1309 2494 XII,
1343 2461 1412 2503 40,
1463 2445 1660 2502 Diogen.
1690 2445 1786 2498 VII,
1821 2460 1892 2503 29,

329 2514 408 2570 qui
433 2515 616 2557 exhibet
641 2530 724 2572 pro
749 2519 948 2573 φερόντων
971 2522 1198 2575 μάρτυραςῑ
1233 2522 1345 2574 μάρτ.
1371 2533 1453 2574 φερ.
1506 2516 1652 2559 Addit
1683 2516 1892 2560 scholion

328 2586 371 2625 τὸ
420 2587 459 2627 ἐν
503 2588 554 2641 τῇ
596 2589 782 2642 συνηθείᾳ
824 2587 867 2640 ἐξ
911 2590 1012 2629 οἴκου
1044 2590 1068 2644 ἡ
1104 2591 1306 2646 μαρτυρία.
1384 2587 1515 2631 Rabii
1557 2586 1792 2630 adnotatio
1834 2587 1892 2630 ad

329 2655 401 2698 lin.
432 2670 482 2712 17
518 2662 754 2714 (μάρτυρας)
800 2657 913 2709 ‚fort.
949 2662 1180 2716 μαρτυρίας·
1221 2658 1470 2716 probabilis
1514 2658 1651 2713 igitur
1683 2673 1773 2701 non
1808 2666 1891 2705 est.

446 2741 485 2783 3.
521 2726 676 2773 Schol.
712 2727 887 2785 Catapl.
923 2744 998 2781 21;
1045 2744 1087 2786 p.
1121 2744 1193 2787 50,
1233 2730 1285 2772 18
1327 2732 1432 2771 καθ’
1468 2730 1678 2779 ὕδατος,
1723 2732 1892 2786 φασίν,

327 2799 421 2853 ἤδη
455 2814 475 2853 γ
490 2815 509 2856 ρ
523 2804 546 2839 ά
560 2815 586 2856 φ
601 2801 693 2854 εις]
727 2803 908 2855 παροιμία
930 2802 1033 2842 ἐστὶν
1057 2802 1115 2842 ἐπὶ
1137 2807 1215 2842 τῶν
1236 2803 1441 2850 ἀδυνάτοις
1473 2802 1765 2859 ἐπιχειρούντων
1797 2806 1894 2858 πρά·

451 2903 477 2949 ¹)
505 2905 853 2952 Paroerniographi
871 2907 1009 2942 Graeci
1026 2908 1084 2942 ed.
1101 2908 1373 2943 Schneidewin
1390 2914 1427 2943 et
1442 2919 1478 2943 V.
1491 2907 1657 2943 Leutsch
1673 2906 1775 2944 Gott.
1790 2908 1893 2952 1839.
