2080 3392
995 327 1286 381 -46-

364 454 592 497 Lucianus
618 454 674 496 de
699 454 830 504 Iove;
868 454 973 510 quid
1011 455 1185 506 mirum,
1222 456 1345 512 quod
1381 457 1626 500 scholiasta
1660 458 1716 501 de
1747 458 1916 502 Proeto

367 525 469 567 nihil
516 526 708 568 narrat?
769 524 976 577 Accedit,
1032 527 1154 582 quod
1212 535 1411 570 ceterum
1448 528 1776 585 explicationes
1820 545 1916 588 per·

364 598 477 638 bene
523 603 808 652 congruunt;
859 611 896 639 e.
933 611 1000 652 gr.
1036 596 1186 640 fabula
1216 597 1389 654 Hygini
1423 599 1495 656 (63
1519 614 1560 656 p.
1583 600 1633 642 61
1672 599 1798 654 Sch.)
1833 600 1917 644 dis-

362 667 477 709 cedit
505 682 528 709 a
561 666 734 709 scholio
769 674 812 709 et
846 667 901 709 ab
926 668 1232 724 Apollodoro,
1297 668 1340 711 In
1378 669 1473 713 eius
1507 670 1769 714 narratione
1793 671 1918 715 Acri-

360 738 454 781 sius
486 737 636 790 filiam,
672 737 725 795 1in
764 753 893 780 muro
927 738 1107 796 lapideo
1143 740 1413 797 praeclusit'.
1468 741 1539 796 (cf.
1566 741 1916 799 Mythogr.Vat.

360 810 388 859 Ι,
428 825 521 868 157,
556 810 700 867 Soph.
737 811 893 867 Antig.
927 825 1014 867 944
1047 813 1167 868 sqq.)

478 881 740 938 Adiungam
777 882 921 926 schol.
956 882 1130 925 Icarom
1171 896 1244 938 19;
1280 898 1319 940 p.
1360 898 1455 941 105,
1478 885 1546 935 26,
1574 883 1614 926 in
1651 899 1742 941 quo
1766 885 1916 941 agitur

360 953 415 995 (le
449 951 626 1008 origine
661 951 1018 1008 Myrmidonum.
1073 952 1330 997 Scholiasta
1366 969 1459 997 rem
1495 955 1752 998 accuratius
1780 971 1914 1013 expo—

359 1023 420 1065 nit
443 1037 577 1079 quam
599 1023 828 1080 Apollod.‚
865 1023 939 1080 qui
973 1023 1177 1067 breviter
1200 1025 1286 1068 hoc
1321 1025 1455 1068 tradit
1491 1025 1560 1075 III,
1596 1041 1658 1078 12,
1684 1027 1754 1069 6⁶:
1778 1030 1916 1084 *tob-co)

359 1099 437 1145 (SC.
472 1094 631 1148 Aeaci)
667 1095 766 1143 Ζευς,
800 1098 877 1136 ὄντι
912 1099 1015 1151 μόνῳ
1039 1097 1078 1137 ἐν
1116 1103 1166 1151 τῇ
1197 1100 1305 1152 νήσῳ
1329 1097 1424 1144 τοὺς
1449 1099 1657 1155 μύρμηκας
1681 1101 1915 1156 ἀνθρώπους,

356 1167 521 1220 ἐποίησε,
567 1165 842 1222 Apollodori
867 1166 1171 1209 narrationem
1208 1167 1311 1210 olim
1347 1168 1613 1225 ampliorem
1650 1169 1788 1213 fuisse
1822 1185 1906 1227 pro

358 1244 484 1279 certo
519 1236 682 1289 habeo,
717 1237 933 1294 quoniam
971 1237 1243 1281 bibliotheca
1277 1254 1367 1282 non
1403 1239 1580 1296 integra
1611 1241 1665 1283 ad
1701 1255 1786 1283 nos
1820 1255 1915 1298 per·
1946 1238 1949 1241 ’

357 1308 490 1351 venit.
557 1308 773 1352 Fortasse
806 1309 961 1353 similis
995 1309 1074 1352 fuit
1106 1309 1176 1362 illi,
1213 1325 1330 1367 quae
1365 1319 1514 1354 exstat
1547 1311 1586 1354 in
1624 1311 1796 1368 Hygini
1825 1312 1913 1356 fab.

355 1395 410 1438 52
445 1388 488 1423 et
522 1395 639 1438 quae
674 1380 930 1438 comparari
965 1388 1117 1437 potest
1153 1396 1253 1424 cum
1289 1382 1475 1425 scholio.
1540 1383 1718 1429 Schol.:
1752 1386 1914 1441 θεωρῶν

355 1455 426 1509 τὴν
475 1453 591 1493 αὑτοῦ
639 1455 771 1510 χώραν
820 1454 1041 1510 ολίῖανόρον
1090 1454 1205 1494 οὖσαν
1248 1453 1396 1508 ηὔξατο
1441 1460 1496 1510 τῷ
1543 1455 1614 1495 Διί·
1665 1457 1682 1495 ὁ
1730 1455 1770 1496 δὲ
1818 1455 1914 1502 τοὺς

355 1527 565 1583 μυρμηκας
598 1526 832 1581 ἀνθρώπους
874 1525 1029 1579 ἐποίησε
1071 1525 1131 1565 καὶ
1164 1527 1223 1566 δια
1264 1531 1378 1566 τοῦτο
1416 1526 1660 1583 Μυρμιδόνες
1691 1528 1912 1582 κέκληνται.

356 1595 486 1652 Hyg:
547 1594 685 1650 Quod
741 1610 842 1639 cum
893 1595 1072 1639 amissis
1111 1596 1248 1639 sociis
1301 1598 1485 1640 Aeacus
1535 1612 1646 1654 prae
1687 1597 1913 1654 paucitate

355 1667 586 1710 hominum
622 1667 790 1710 morari
824 1682 914 1710 non
939 1675 1112 1724 posset,
1136 1667 1349 1711 formicas
1372 1667 1552 1712 intuens
1586 1668 1710 1726 petiit
1740 1683 1765 1712 a
1789 1669 1912 1721 Iove,

353 1745 400 1780 ut
433 1739 640 1782 homines
675 1738 715 1781 in
750 1738 979 1796 praesidio
1013 1738 1095 1781 sibi
1131 1739 1273 1783 daret.
1338 1739 1469 1782 Tunc
1493 1739 1667 1796 Jupiter
1699 1739 1912 1783 formicas

354 1809 393 1852 in
429 1809 637 1853 homines
670 1809 1031 1866 transfiguravit,
1079 1810 1153 1867 qui
1186 1810 1502 1867 Myrmidones
1551 1819 1655 1854 sunt
1688 1812 1911 1868 appellati,

353 1881 476 1937 quod
513 1896 679 1937 graece
714 1881 930 1924 formicae
963 1881 1210 1938 myrmices
1244 1882 1454 1925 dicuntur
1487 1890 1569 1925 etc.
1643 1881 1775 1936 Quae
1810 1897 1909 1926 cum

352 1952 412 1994 ita
444 1952 544 2006 sint,
591 1953 712 1996 haud
754 1953 864 2005 scio,
899 1967 955 1995 an
989 1953 1235 1996 scholiasta
1269 1953 1426 1996 codice
1460 1953 1664 2010 pleniore
1698 1968 1808 1997 usus
1841 1953 1911 1997 sit.

352 2023 456 2066 Alio
490 2023 607 2066 enim
644 2038 831 2081 quoque
874 2024 976 2066 loco
1011 2024 1282 2067 scholiastes
1315 2024 1570 2068 accuratius
1604 2025 1740 2067 refert
1774 2039 1908 2082 quam

352 2094 569 2151 Apollod.
607 2094 659 2140 cf.
683 2095 739 2137 ad
774 2094 869 2140 Iov.
894 2102 1011 2151 trag.
1041 2109 1112 2152 17;
1147 2110 1189 2152 p.
1213 2110 1283 2153 57,
1308 2110 1358 2138 21
1397 2095 1470 2149 (de
1492 2094 1667 2152 Tityo):
1698 2097 1912 2144 κολάζεται

351 2167 389 2207 ἐν
418 2172 474 2222 τῷ
501 2164 640 2221 (Ἅιδῃ
689 2167 805 2208 αὐτοῦ
848 2168 918 2224 γάρ
952 2168 991 2208 ἐν
1025 2166 1080 2223 τῷ
1114 2168 1243 2224 ἐδάφει
1276 2166 1555 2222 ἐξηπλωμενου
1595 2168 1910 2225 παρακαθήμενοι

350 2238 382 2277 οἱ
403 2243 523 2291 γῦπες
547 2239 588 2278 τὸ
611 2239 714 2296 ἧπαρ
739 2239 856 2279 αὐτοῦ
880 2240 1157 2287 κατεσθίουσιν,
1181 2237 1232 2281 cf.
1255 2238 1471 2294 Apollod.
1489 2238 1526 2289 l,
1551 2254 1590 2295 4,
1615 2240 1674 2280 1⁴¹:
1696 2240 1909 2286 κολάζεται

348 2307 388 2349 ’δὲ
420 2309 481 2349 καὶ
506 2310 603 2362 μετὰ
624 2310 813 2350 θάνατον·
839 2315 959 2364 γῦπες
981 2311 1051 2366 γάρ
1075 2310 1191 2350 αὐτοῦ
1216 2310 1287 2364 τὴν
1311 2311 1466 2366 καρδίαν
1490 2311 1528 2350 ἐν
1543 2308 1682 2350 “Athon
1707 2310 1907 2350 ἐσθίουσιν.

350 2378 538 2422 Certum
584 2387 734 2423 autem
778 2380 989 2423 iudicium
1031 2380 1181 2423 facere
1229 2394 1318 2422 non
1354 2380 1466 2427 licet.
1513 2395 1613 2423 cum
1648 2379 1906 2431 scholiasta,

350 2457 397 2493 ut
423 2449 632 2502 vidimus,
677 2466 904 2508 nusquam
949 2451 1272 2504 narrationem,
1308 2466 1442 2508 quam
1479 2450 1662 2504 invenit,
1697 2458 1908 2494 accurate

349 2521 609 2573 transferre,
645 2522 727 2564 sed
761 2522 1003 2565 decurtare
1036 2522 1194 2566 soleat.

468 2591 550 2635 His
585 2592 826 2635 addendae
859 2601 965 2636 sunt
999 2593 1244 2636 nonnullae
1284 2593 1610 2650 explicationes
1645 2593 1907 2649 mythogra—

350 2662 523 2719 phicae,
566 2677 683 2720 quae
729 2662 896 2706 similes
943 2678 1031 2706 non
1079 2664 1226 2706 solum
1272 2664 1393 2721 apud
1438 2664 1789 2721 Apollodorum,
1816 2664 1905 2716 ‚sed

349 2733 480 2776 etiam
521 2734 641 2790 apud
688 2733 799 2777 alios
833 2733 1098 2790 scriptores,
1157 2734 1404 2792 praecipue
1437 2734 1708 2787 Diodorum,
1740 2733 1906 2777 inveni-

349 2811 497 2845 untur.
562 2803 717 2851 Schol.
760 2804 855 2848 Iov.
902 2805 1017 2851 conf.
1051 2806 1105 2857 8;
1152 2820 1194 2862 p.
1226 2820 1297 2863 55,
1338 2820 1372 2848 1.
1437 2805 1759 2861 (Prometheus
1799 2804 1907 2862 igne

350 2880 466 2915 lurto
501 2875 730 2916 subducto
766 2874 979 2918 Caucaso
1013 2876 1151 2917 monti
1188 2875 1405 2932 affigitur)
1445 2876 1736 2934 Apollodoro
1769 2874 1906 2919 vindi-
