2080 3392
772 329 1062 370 -17--

141 458 245 487 esse
265 453 401 500 atque
417 443 560 495 illum;
594 442 844 486 affirmatur
869 458 942 486 res
967 459 1035 496 eo,
1071 445 1195 500 quod
1215 459 1374 487 omnes
1394 445 1488 488 fere
1505 446 1693 502 glossae

142 529 243 557 cum
268 514 430 557 Photio
465 513 779 570 conspirantes
813 514 863 556 in
899 529 1010 556 uno
1045 515 1252 558 codice
1285 517 1313 556 Δ
1344 515 1532 559 inveniri
1558 516 1688 559 Rabe

139 585 181 628 in
217 585 496 642 praefatione
529 592 652 627 recte
685 585 873 627 adnotat
907 585 964 641 (p.
1002 584 1091 638 VI).
1156 585 1357 628 Omnino
1392 587 1479 630 hic
1522 588 1690 631 scho-

139 655 334 708 liasta,
377 657 515 699 homo
549 670 639 698 non
672 656 730 698 ita
764 655 970 711 diligens,
1016 656 1109 713 qui
1143 656 1219 703 Et.
1254 657 1521 714 Magnum
1556 673 1687 715 quo-

141 742 246 783 que
279 716 613 782 usurpavit]
649 734 696 768 ut
728 726 840 768 infra
874 729 934 783 (p.
950 729 1147 784 29et35)
1183 729 1493 781 ostendemus,
1527 730 1688 774 solus

140 798 398 841 Photium
434 798 485 840 in
520 812 679 839 usum
707 811 958 840 vocasse
988 798 1240 843 videtur.
1275 800 1530 842 Arethas
1566 810 1688 844 certe

139 869 346 912 Photio
380 883 490 912 usus
526 883 634 910 non
669 876 750 918 est,
786 883 886 910 cum
922 883 977 910 ne
1011 865 1097 910 una
1133 869 1313 925 quidem
1348 870 1518 923 glossa,
1569 886 1689 928 quae

138 941 329 983 debetur
364 939 665 990 patriarchae,
700 938 741 981 in
778 939 1010 982 codicibus
1045 938 1092 989 E,
1129 940 1176 991 B,
1211 939 1251 982 R
1286 941 1476 996 legatur.

255 1010 408 1055 Schol.
451 1009 519 1052 De
553 1010 750 1054 merced.
772 1010 903 1053 cond.
923 1025 1005 1066 30;
1041 1025 1080 1067 p.
1107 1012 1199 1067 167,
1220 1013 1275 1054 28
1298 1012 1513 1068 legimus:
1540 1016 1690 1070 ὄχλος

137 1083 304 1122 ἐνταῦθα
327 1083 368 1121 οὐ
393 1082 434 1121 τὸ
458 1082 629 1135 πλῆθος,
664 1081 754 1121 ἀλλ’
778 1083 802 1136 ἡ
834 1083 1011 1137 ὄχλησις.
1078 1081 1224 1124 photii
1257 1082 1414 1138 glossa
1450 1084 1561 1126 haec
1594 1093 1687 1127 est:

137 1154 282 1209 ὄχλοςς
317 1153 358 1192 τὸ
391 1153 550 1207 πλῆθος
583 1153 643 1192 καὶ
676 1153 747 1206 τὴν
781 1153 953 1208 ὄχλησιν,
1021 1151 1119 1193 Hoc
1154 1153 1256 1195 loco
1280 1153 1416 1209 igitur
1439 1155 1690 1198 scholiasta

135 1237 233 1265 eam
279 1216 623 1279 explicationem
667 1221 814 1278 elegit,
862 1237 979 1277 quae
1021 1232 1125 1279 apta
1160 1223 1259 1275 fuit,
1310 1232 1509 1267 ceterum
1546 1234 1684 1268 totam

135 1293 352 1346 glossam,
397 1293 774 1349 qualemcumque
818 1293 1088 1345 inveniebat,
1140 1295 1342 1350 recipere
1382 1296 1499 1338 solet
1533 1305 1575 1339 et
1608 1313 1689 1340 eas

136 1378 320 1420 quoque
355 1363 765 1420 interpretationes,
803 1379 918 1420 quae
954 1365 1084 1420 plane
1117 1366 1288 1408 alienae
1323 1376 1427 1409 sunt
1451 1383 1473 1409 a
1500 1367 1685 1411 Luciani

134 1434 259 1486 locis,
294 1434 437 1485 affert,
473 1450 509 1478 e.
531 1449 566 1479 C.
601 1434 742 1477 schol.
779 1434 902 1476 Phal.
931 1434 960 1485 I,
994 1450 1042 1492 3;
1078 1451 1118 1492 p.
1145 1451 1182 1487 2,
1224 1451 1274 1493 19
1307 1438 1463 1486 εὐθὺς
1496 1441 1575 1480 καὶ
1608 1442 1687 1480 εὐ-

135 1508 293 1561 334031,
329 1506 399 1548 vel
434 1505 574 1547 schol.
611 1504 681 1547 De
716 1504 815 1550 hist.
837 1520 1112 1563 conscr.25;
1149 1522 1188 1562 p,
1209 1508 1307 1558 228,
1342 1523 1396 1565 23
1432 1511 1686 1566 θραυσμά-

134 1582 257 1628 τωνΙ,
322 1576 464 1618 Etiam
500 1576 741 1632 glossas
776 1585 1087 1634 corruptas
1122 1579 1373 1636 descripsit,
1401 1581 1523 1623 velut
1541 1583 1682 1627 schol.

134 1648 268 1704 Apol,
295 1662 366 1697 ΙΟ;
402 1663 441 1704 p.
463 1648 560 1703 236,
593 1662 647 1689 22
680 1649 965 1703 ἡλιβάτ(·)ν].
1033 1648 1209 1692 Omittit
1241 1654 1265 1706 ἢ
1301 1652 1400 1691 ἐστιν
1434 1654 1576 1693 ἀλῑῖεῖν
1604 1654 1688 1707 βαί-

132 1735 259 1767 νοντα,
294 1726 387 1760 tum
412 1718 593 1760 exhibet
616 1721 639 1774 ἢ
665 1721 755 1759 ὅπου
781 1721 798 1759 ὁ
822 1721 939 1774 ἥλιος
971 1725 1122 1776 πρῶτον
1157 1721 1306 1774 βάλλει,
1341 1724 1426 1777 εἶλη
1462 1724 1682 1778 βεβηκυῖαν.

132 1789 380 1846 Στησίχορος
412 1789 452 1830 δὲ
477 1827 483 1833 ,
510 1826 515 1831 .
543 1827 550 1833 ,
577 1822 584 1829 .
623 1788 772 1831 phot:
808 1792 830 1844 ἢ
866 1792 957 1830 ὅπου
990 1792 1106 1846 ἥλιος,
1140 1797 1291 1845 πρῶτον
1318 1793 1453 1846 βάλλεε
1477 1795 1540 1835 ἁλὶ
1565 1795 1681 1850 βεβη-

131 1867 248 1905 κυῖαν,
321 1860 718 1917 Στησίχορος....,
770 1861 841 1903 vel
890 1862 1031 1906 schol.
1083 1862 1217 1919 Apol.
1268 1878 1340 1913 11;
1390 1879 1431 1921 p.
1475 1867 1574 1921 236,
1624 1882 1678 1923 27

131 1933 488 1988 κρησφύγετα].
552 1930 711 1974 Exstat
746 1931 784 1974 in
820 1932 994 1974 scholio
1029 1939 1143 1974 στενά
1176 1934 1386 1991 (lin.27.),
1422 1944 1468 1978 ut
1502 1936 1542 1978 in
1579 1939 1677 1981 cod.

132 2001 338 2044 Galeano
382 2010 424 2043 et
467 2001 623 2053 Suida,
675 2003 798 2059 quod
843 2003 998 2045 Naber
1040 2012 1162 2047 recte
1205 2006 1403 2048 correxit
1447 2006 1487 2048 in
1530 2014 1681 2063 ατε-(νά.

131 2073 244 2115 Aliis
280 2072 387 2115 locis
422 2072 665 2115 scholiasta
700 2073 741 2115 id
778 2073 881 2127 egit,
918 2083 964 2116 ut
999 2076 1244 2118 verborum
1280 2076 1470 2119 formam
1496 2078 1681 2121 Luciani

131 2143 240 2186 locis
273 2144 532 2200 adaptaret:
565 2144 706 2188 schol.
744 2145 866 2187 Phal.
904 2146 931 2197 l,
967 2161 1013 2201 4:
1049 2161 1089 2202 p.
1124 2162 1162 2200 4,
1197 2148 1224 2188 8
1259 2149 1679 2207 στρεβλούμενοι]

130 2217 387 2269 δεῦμῃύμενοῑ,
442 2220 728 2270 μαστιζόμενοι.
808 2217 961 2259 phot:
1018 2219 1352 2274 ῦτρεβλούμενοςῑ
1406 2222 1680 2275 δωρούμενος,

131 2290 431 2339 μαστιζόμενος,
499 2287 727 2329 Interdum
772 2287 903 2330 etiam
942 2288 1085 2331 Photii
1126 2290 1472 2346 explicationem
1509 2293 1680 2336 omisso

130 2357 338 2399 lemmate
357 2357 633 2399 immutatam
655 2358 881 2414 apposuit:
907 2360 1048 2401 schol.
1070 2358 1165 2405 Cal.
1188 2375 1276 2402 non
1298 2361 1418 2404 cred.
1439 2377 1486 2413 2,·
1508 2378 1548 2419 p.
1569 2378 1635 2420 25,
1653 2379 1681 2420 9

132 2430 389 2483 συνωμοσίας]
434 2431 456 2484 ἡ
499 2428 584 2482 μεθ’
620 2431 730 2485 ὅρκου
777 2432 896 2486 φιλία.
962 2429 1319 2486 (jonglutinasse
1354 2433 1534 2475 Videtur·
1568 2434 1679 2477 Pho-

130 2498 234 2540 tium
272 2513 370 2540 cum
408 2499 492 2541 alio
528 2499 649 2542 fonte
683 2500 820 2543 schol.
845 2500 969 2544 Phal.
993 2501 1020 2551 Ι,
1055 2516 1102 2553 2;
1137 2517 1177 2558 p.
1207 2518 1236 2553 ι,
1266 2518 1316 2560 15
1351 2507 1517 2561 μέτριον]
1553 2521 1679 2546 ταπει-

128 2571 190 2610 νὸν
223 2572 283 2610 καὶ
317 2574 628 2624 3ο-(ἶνοψῡνῑκόν,
664 2573 816 2625 λέγεται
848 2573 888 2613 δὲ
921 2574 980 2613 καὶ
1015 2577 1172 2630 μέτριος
1206 2576 1223 2614 ὁ
1257 2578 1552 2631 μεμετρημένην
1577 2578 1678 2632 ἔχων

129 2641 255 2680 οὐσίαν
278 2643 301 2696 ἦ
327 2643 344 2681 ὁ
368 2642 410 2681 τὸ
434 2642 537 2695 ἦθος
561 2643 744 2697 ἐπιεικής.
809 2642 1036 2685 Convenit
1057 2644 1208 2686 phot:
1244 2648 1400 2702 μέτριος
1434 2648 1451 2685 ὁ
1486 2663 1678 2704 μεμετρη-

129 2714 245 2765 μένην
289 2713 389 2767 ἔχων
415 2745 421 2751 .
448 2744 489 2755 ..
556 2711 688 2754 Unde
734 2713 858 2768 prior
901 2729 1006 2770 pars
1040 2715 1224 2770 glossae
1257 2724 1438 2772 sumpta
1471 2717 1526 2759 sit
1561 2732 1679 2760 com—

103 2779 302 2837 pertum
340 2796 428 2824 non
465 2783 628 2828 habeo,

247 2852 305 2894 Ut
330 2853 413 2895 iam
450 2853 642 2897 diximus
677 2869 836 2898 omnes
872 2855 964 2898 fere
998 2857 1196 2912 glossae,
1234 2872 1350 2913 quae
1385 2872 1485 2900 cum
1511 2859 1674 2902 Photio

1512 2954 1534 2976 2
