2080 3392
325 445 465 488 schol.
502 444 620 487 Abd.
656 443 704 493 6;
749 457 789 498 p.
824 456 923 497 214,
958 456 1026 497 27.

253 530 460 582 κώμουςΙ
509 533 668 579 κῶμος
716 543 738 581 η
785 526 905 579 μέθη
951 526 1023 565 καὶ
1074 541 1082 546 ·

1079 541 1098 565 s

253 601 335 640 ἀπὸ
356 602 473 652 μέθη
487 615 509 645 ς
528 598 771 650 ἀσέλγεια,
791 594 896 651 ᾠδαὶ,
915 598 1099 652 ὀρχήσεις

617 669 770 722 λέγεται
832 671 964 720 κῶμα
1026 667 1097 706 καὶ

253 672 348 724 μετά
411 672 540 723 μέθης
552 680 559 687 ·

252 745 268 782 ὀ
319 742 462 787 ὗῖῑνοτ
509 741 569 779 καὶ
617 743 795 792 κωμάζυ)
849 739 891 778 τὸ
946 738 1096 794 ὑβρίζω

250 813 310 852 καὶ
353 812 569 865 κωμαστὴς
608 812 625 850 ὀ
670 814 826 866 τρυφῶν
867 809 950 862 μετ’
986 807 1096 864 ᾠδῆς

250 884 441 936 ἀσελγοῦς
484 882 544 922 καὶ
586 882 749 934 κώμυθα
789 881 911 934 δέσμη
954 883 1094 936 χόρτου

657 951 802 1008 ὕβρεις,
885 951 1093 1007 διασυρμοί,

248 955 308 994 καὶ
385 954 578 1007 κ(ο)μῳδίαι

249 1026 505 1077 ἐμπαί-[ματα.

1110 325 1165 354 20

1530 440 1659 483 Phot.

1404 609 1438 639 Ι,
1473 599 1616 648 κὼμοιῑ
1637 593 1742 650 ᾠδαί,
1776 601 1794 647 ἦ
1835 597 2020 652 ὀρχήσεις

1173 669 1269 719 μετὰ
1306 667 1452 721 μέθης,

1172 751 1210 779 2.
1224 742 1399 790 κωμάζει
1412 753 1419 779 :
1435 742 1564 790 κῶμον
1580 743 1597 789 ἦ
1615 739 1741 794 δρᾶμα
1754 735 1846 793 ᾄδει,
1857 737 2019 794 ὑβρίζει.

1170 812 1465 865 3.κ(υμαῦτης;
1515 811 1533 849 ὀ
1579 814 1735 866 τρυφῶν
1778 809 1861 862 μετ’
1913 807 2020 865 ᾠδῆς

1171 881 1377 934 ἀσελγοῦς,
1428 895 1466 936 4,
1483 882 1664 934 κιὺμυθω
1699 881 1844 935 δέσμην
1861 883 2018 937 χόρτου.

1169 965 1208 1007 5.

1170 1023 1427 1076 ἐμπαί-(ματα.

1263 952 1457 1006 κωμῳδίαι
1469 966 1476 992 :
1572 951 1717 1008 ὕβρεις,
1810 952 2018 1008 διασυρμοέ,

472 1140 772 1185 Scholiastam
809 1141 983 1183 lexicon
1019 1140 1318 1197 exscripsisse
1358 1140 1502 1197 primo
1544 1141 1702 1183 obtutu
1739 1154 1910 1197 cogno-

354 1212 498 1263 veris;
534 1211 638 1268 quin
666 1211 813 1254 Photii
846 1211 1022 1254 lexicon
1059 1211 1190 1254 fuerit
1223 1211 1308 1254 iarn
1343 1211 1529 1254 dubium
1566 1226 1670 1255 esse
1694 1225 1785 1254 non
1813 1219 1938 1268 pot--

353 1292 433 1333 est,

494 1283 760 1340 praesertim
811 1297 910 1325 cum
962 1282 1166 1325 scholion
1219 1283 1260 1325 in
1304 1283 1403 1325 solo
1444 1282 1602 1325 codice
1645 1284 1671 1323 Δ
1715 1283 1906 1338 legatur.

353 1354 569 1398 Ceterum
587 1354 738 1397 omnia
754 1354 847 1397 fere
864 1354 1035 1397 scholia
1052 1354 1361 1410 grammatica,
1382 1354 1483 1397 huic
1497 1354 1682 1410 dialogo
1699 1353 1906 1411 ascripta,

352 1426 516 1469 Photio
551 1426 788 1470 debentur.
856 1425 1042 1468 Praeter
1076 1426 1135 1481 gl.
1169 1428 1328 1479 κώμους
1368 1440 1458 1468 uno
1493 1425 1594 1468 loco
1629 1425 1908 1481 scholiogra-

350 1499 468 1554 phus
503 1505 730 1553 quattuor,
781 1512 871 1539 uno
915 1506 1020 1547 tres,
1065 1497 1203 1540 tribus
1250 1497 1365 1540 duas
1400 1496 1725 1554 explicationes
1759 1495 1905 1538 Photi-

350 1583 460 1612 anas
507 1567 742 1611 contraxit.
810 1567 910 1610 Hoc
953 1567 993 1610 in
1039 1568 1212 1611 scholio
1248 1569 1390 1611 verba
1428 1574 1563 1621 κῶμος
1595 1571 1619 1624 η
1654 1569 1754 1622 μέθη
1788 1567 1849 1607 καὶ
1881 1569 1905 1622 η

350 1640 421 1680 ἀπὸ
456 1642 586 1693 μέθης
620 1640 812 1692 ἀσέλγεια,
856 1647 1093 1695 praeterea
1127 1641 1281 1693 λέγεται
1313 1645 1423 1693 κῶμα
1457 1640 1517 1679 καὶ
1551 1641 1568 1679 ὀ
1602 1639 1721 1686 ὕπνος
1740 1639 1906 1681 desunt

349 1710 388 1753 in
411 1709 594 1761 Photio;
631 1710 713 1752 sed
747 1709 783 1752 si
818 1709 1073 1752 accuratius
1107 1709 1360 1767 inspexeris
1394 1709 1612 1760 scholion,
1650 1708 1771 1751 initio
1791 1709 1906 1751 duas

349 1782 530 1837 glossas
566 1780 903 1837 conglutinatas
939 1796 1040 1824 esse
1081 1795 1353 1838 cognosces.
1422 1780 1530 1823 Post
1564 1781 1756 1822 verbum
1791 1782 1906 1821 ἀσέλ-

349 1869 429 1907 -ςέια
461 1852 706 1895 scholiasta
740 1852 937 1895 adnectit
971 1853 1157 1895 alteram
1192 1852 1538 1909 explicationem
1575 1851 1679 1908 ᾤδαὶ.
1720 1855 1904 1909 ὀρχήσεις

349 1926 446 1977 μετὰ
480 1925 611 1978 μέθης
645 1923 814 1966 omisso
849 1924 1059 1966 lemmate
1092 1930 1223 1978 κῶμοι.
1262 1932 1307 1966 ut
1342 1938 1559 1967 numerus
1594 1924 1778 1980 pluralis
1813 1938 1903 1966 non

348 1996 542 2050 quadret
561 1995 617 2037 ad
638 1995 801 2037 lemma
821 2009 1061 2037 commune
1080 2001 1228 2049 κῶμος.
1285 1994 1513 2049 Quoniam
1535 2003 1726 2050 utraque
1745 1995 1904 2050 glossa

346 2065 463 2108 idem
490 2066 682 2108 verbum
707 2065 970 2122 explicatur,
1011 2066 1199 2108 alterum
1236 2067 1397 2109 lemma
1435 2066 1560 2109 facile
1596 2065 1778 2122 neglegi
1811 2074 1902 2123 pot-

347 2145 456 2180 erat.
523 2136 662 2180 Certo
697 2137 833 2193 igitur
863 2138 1029 2181 certius
1072 2153 1175 2181 esse
1208 2138 1311 2180 inihi
1347 2138 1526 2180 videtur
1560 2138 1618 2193 gl.
1658 2143 1843 2191 ,,κῶμος;
1877 2140 1902 2193 ἡ

347 2210 446 2263 μέθη
471 2210 530 2249 καὶ
553 2211 577 2264 η
603 2210 673 2249 ἀπὸ
698 2210 829 2263 μέθης
854 2211 1056 2263 &seit-fet&
1096 2209 1137 2251 in
1172 2209 1445 2252 scholiastae
1480 2208 1726 2265 exemplari
1756 2208 1903 2251 Photii

346 2279 588 2323 exstitisse.
655 2279 844 2335 Legitur
878 2280 917 2322 in
953 2279 1117 2322 photio
1152 2281 1210 2335 gl.
1236 2286 1394 2334 κῶμοςῑ
1431 2282 1535 2328 εἶδος
1569 2283 1788 2337 ὀρχήσεως.
1852 2279 1901 2323 Si

345 2350 463 2392 duae
497 2351 682 2405 glossae
716 2351 876 2393 eadem
912 2351 997 2393 sub
1024 2366 1137 2393 voce
1172 2352 1423 2402 exstabant,
1470 2366 1524 2393 eo
1560 2350 1728 2393 facilius
1762 2351 1900 2393 altera

345 2436 369 2463 a
402 2420 599 2472 librario,
635 2422 731 2463 sive
765 2421 950 2464 fortuito
970 2421 1067 2464 sive
1102 2422 1325 2473 consulto,
1362 2421 1503 2464 omitti
1538 2430 1729 2478 poterat.
1795 2421 1899 2464 For-

345 2500 467 2535 tasse
502 2492 633 2534 etiam
670 2493 727 2548 gl.
763 2498 874 2546 κῶμα
907 2495 924 2533 ὀ
960 2493 1079 2540 ὕπνος
1112 2492 1263 2549 periit;
1299 2507 1400 2535 nam
1435 2493 1619 2550 saepius
1653 2508 1677 2535 a
1710 2492 1900 2535 librariis

344 2562 384 2604 in
421 2563 734 2606 describendis
768 2564 921 2606 lexicis
957 2579 1091 2607 unam
1128 2572 1205 2606 aut
1238 2564 1422 2607 alteram
1458 2565 1662 2620 glossam
1693 2565 1835 2607 omitti
1859 2574 1900 2608 et

345 2633 427 2676 alia
452 2635 618 2677 docent
642 2636 850 2692 exempla
874 2644 917 2678 et
941 2635 1086 2692 ipsum
1112 2635 1403 2678 Patriarchae
1431 2635 1558 2678 lexici
1593 2635 1898 2691 fragmentum

344 2706 641 2758 Atheniense,
678 2707 716 2749 in
754 2722 845 2763 quo
880 2707 999 2750 duae
1033 2707 1218 2763 glossae
1252 2707 1429 2749 desunt.

462 2788 673 2846 Denique
723 2791 867 2832 verbo
916 2790 1166 2833 monuerim
1218 2789 1410 2833 Rabium
1459 2805 1549 2832 non
1593 2798 1714 2832 recte
1763 2790 1898 2831 adno-

345 2868 465 2902 tasse
501 2860 554 2902 ad
592 2861 662 2903 lin.
699 2876 750 2903 21
788 2862 930 2907 schol.
968 2862 1090 2905 Phal.
1128 2862 1155 2912 Ι,
1190 2876 1239 2919 3;
1274 2877 1374 2918 p.2,
1414 2877 1465 2918 19
1507 2862 1627 2910 εὐθὺς
1660 2863 1719 2903 καὶ
1741 2863 1895 2909 εὐθέως
