2080 3392
722 382 1013 423 *49-

93 499 176 555 περὶ
217 500 387 538 ἀπίστων
427 496 542 539 XXI
587 496 744 552 (Myth.
790 495 870 539 Gr.
924 495 991 542 ΙΙΙ.
1026 511 1071 547 2,
1114 511 1154 553 p.
1189 511 1246 551 29
1274 496 1365 552 W.)
1398 497 1642 553 praecipue

94 567 323 624 respicias,
372 582 463 624 quo
507 566 645 609 modo
688 566 919 609 sollemnis
963 567 1020 609 de
1053 566 1244 609 Daedali
1276 567 1492 624 operibus
1527 583 1644 625 quae

94 637 235 681 fertur
266 637 417 681 fabula
450 637 673 682 reiciatur.

213 707 428 751 Ceterum
473 707 681 751 conferas
726 708 866 751 schol.
933 707 1002 750 De
1049 723 1164 753 sacr.
1200 708 1230 760 l,
1274 724 1314 765 p.
1354 710 1446 766 148,
1486 725 1536 767 15
1569 709 1645 766 (de

95 778 347 835 Meleagro)
392 794 491 822 cum
536 778 671 825 Diod.
708 778 780 830 IV,
814 793 883 836 34,
918 793 944 835 3
988 793 1089 835 sqq.
1126 779 1193 833 (cf.
1228 780 1370 825 schol.
1406 780 1643 838 Aristoph.

96 849 207 896 Ran,
246 850 375 907 1238)
421 859 462 892 et
505 850 646 893 schol.
683 849 862 906 Dialog.
897 864 1009 895 mar.
1043 849 1145 901 XV,
1181 865 1229 901 2;
1275 866 1315 907 p.
1351 866 1449 907 272,
1489 866 1539 908 13
1573 852 1645 905 (de

96 919 325 973 Deianira)
369 935 469 963 cum
516 920 651 966 Diod.
698 920 771 973 IV,
818 925 903 977 374
936 935 1062 978 sqq.;
1113 928 1309 964 attamen
1360 923 1645 966 narrationes

95 990 203 1034 satis
226 991 393 1047 longae
418 1006 508 1034 non
533 999 772 1048 tantopere
795 991 911 1034 inter
943 1006 994 1034 se
1028 992 1284 1044 concinunt,
1320 1001 1366 1034 ut
1390 991 1644 1036 Diodorum

94 1061 264 1104 fontem
300 1062 437 1105 fuisse
471 1061 690 1104 affirmari
724 1062 882 1119 possit.

214 1131 285 1175 De
309 1132 587 1176 Strabone
616 1134 703 1175 hoc
727 1133 920 1190 primum
946 1134 986 1176 in
1013 1133 1275 1177 universum
1303 1134 1461 1177 dicam.
1527 1134 1648 1178 Duo-

96 1203 182 1246 bus
205 1203 316 1246 locis
334 1203 504 1247 Strabo
527 1211 925 1257 commemoratur,
952 1204 1143 1261 primum
1164 1205 1304 1247 schol.
1370 1204 1440 1248 De
1460 1206 1580 1251 dom.
1606 1220 1646 1257 1;

97 1289 138 1331 p.
177 1288 240 1331 15,
280 1289 332 1330 19
366 1275 438 1325 (de
487 1274 655 1331 Cydno
704 1274 919 1328 flumine),
968 1275 1133 1318 deinde
1185 1276 1323 1318 schol.
1370 1276 1557 1319 Icarom.
1604 1292 1648 1329 1;

97 1359 138 1401 p.
158 1359 228 1400 99,
257 1359 321 1396 11,
356 1345 430 1387 ubi
454 1360 714 1402 parasanga
737 1346 841 1402 quid
865 1346 1014 1388 valeat
1036 1346 1293 1403 exponitur.
1359 1347 1475 1391 Cum
1497 1348 1649 1404 priore

96 1415 199 1458 loco
233 1416 376 1458 verba
408 1431 431 1458 e
455 1416 686 1460 Strabone
718 1416 818 1474 ipso
854 1417 1016 1460 hausta
1049 1417 1137 1460 sint
1169 1419 1240 1470 (ab
1262 1418 1437 1461 Aretha
1463 1420 1561 1465 cod.
1583 1419 1647 1474 B),

98 1487 238 1528 altera
261 1486 330 1529 illa
354 1487 592 1543 explicatio
616 1489 672 1530 de
696 1502 957 1545 parasanga
980 1488 1278 1544 grammatica
1307 1498 1377 1532 est
1409 1498 1453 1533 et
1475 1505 1500 1533 a
1523 1491 1650 1534 scho-

97 1557 224 1600 liasta
269 1572 292 1599 e
336 1557 481 1600 lexico
523 1559 673 1614 aliquo
720 1567 903 1615 recepta
947 1573 1050 1602 esse
1083 1558 1276 1604 videtur.
1341 1559 1494 1603 Unum
1529 1569 1651 1605 certe

98 1629 388 1672 scholiastam
414 1627 644 1672 Strabone
668 1644 799 1672 usum
835 1644 938 1672 esse
972 1629 1176 1672 scholion
1213 1630 1317 1673 illud
1354 1631 1649 1675 demonstrat.

216 1699 360 1742 Etiam
403 1699 445 1742 in
479 1699 709 1744 Strabone
748 1715 919 1758 paucas
960 1700 1136 1744 fabulas
1182 1701 1384 1744 similiter
1429 1710 1565 1760 atque
1608 1703 1649 1747 in

99 1770 282 1813 scholiis
334 1770 522 1813 traditas
570 1770 839 1814 invenimus.
920 1771 1119 1814 Primum
1171 1772 1459 1816 conferamus
1508 1776 1650 1819 schol.

101 1840 236 1886 Char
256 1841 306 1892 8;
341 1856 382 1897 p
410 1856 502 1892 121,
537 1855 565 1897 9
597 1841 824 1893 (fabulam
861 1857 977 1900 quae
1011 1852 1221 1886 narratur
1254 1844 1311 1886 de
1343 1844 1512 1888 Milone
1542 1845 1652 1889 Cro-

100 1912 283 1965 toniate)
319 1927 419 1955 cum
445 1911 597 1955 Strab.
622 1912 693 1965 Vl,
734 1923 770 1955 1¹
777 1913 848 1957 ²C
882 1915 980 1970 263,
1016 1929 1151 1971 quem
1186 1914 1334 1957 locum
1371 1914 1473 1958 citat
1507 1915 1650 1961 Rabe.

82 1983 329 2106 Q
321 1992 644 2035 narrationum
680 1992 817 2040 atque
851 1984 982 2028 etiam
1008 1986 1258 2028 verborum
1283 2001 1536 2030 consensus
1563 1996 1652 2030 tan-

121 2069 173 2097 us
215 2062 284 2098 est
343 2063 389 2097 ut
431 2056 517 2098 hoc
529 2041 755 2098 scholion
796 2056 851 2098 ad
886 2055 1165 2099 Strabonem
1200 2056 1513 2100 reducendum
1549 2073 1655 2101 esse

102 2139 184 2181 pro
209 2133 333 2167 certo
363 2125 518 2168 haberi
551 2126 709 2183 possit
775 2126 942 2170 Omnia
976 2126 1140 2170 afferre
1176 2128 1364 2184 longum
1400 2137 1481 2180 est,
1517 2129 1651 2172 finem

100 2194 278 2239 fabulae
311 2207 603 2253 componam:

372 2312 525 2357 Schol.
1231 2316 1382 2361 Strab.

103 2398 162 2445 ὡς,
195 2399 344 2452 βαδίζω
367 2399 459 2439 ποτέ
485 2397 573 2455 παρ’
599 2399 695 2453 ὓλην
724 2401 805 2439 τινα
950 2401 1063 2453 Ἰέιέτ
1068 2417 1102 2440 α
1155 2406 1242 2454 ,οὖν
1306 2402 1511 2457 ὁδοιπορῶν
1564 2417 1655 2442 ποτε

104 2470 221 2516 οὗτος
268 2471 327 2509 καὶ
369 2470 564 2526 παραβαίη
613 2470 680 2523 μέν
735 2471 805 2524 τὴν
950 2470 993 2512 δι’
1019 2482 1066 2512 us
1055 2487 1123 2526 qe,
1147 2472 1312 2525 βαθείας
1344 2473 1560 2528 παραβῆναι
1585 2473 1656 2528 τὴν

104 2541 187 2580 οἷον
211 2541 269 2580 ἐπὶ
292 2542 403 2588 πολὺ,
437 2543 629 2597 περιτύχοι
652 2541 691 2581 δέ
719 2556 806 2597 κορ-
951 2543 1035 2582 ὁδὸν
1061 2543 1119 2582 ἐπὶ
1142 2544 1272 2590 πλέον,
1295 2542 1365 2583 εἶθ’
1391 2542 1512 2599 εὑρὼν
1538 2542 1656 2595 ’ξύλον

105 2616 164 2667 μῷ
223 2613 379 2666 μεγαλῳ
451 2614 804 2667 κατεῦφψοψένῳ,
953 2616 1048 2667 μέγα
1071 2614 1344 2669 έσφηνοψένον
1369 2614 1550 2667 ἐμβαλὼν
1580 2621 1657 2671 χεῖ-

105 2684 145 2722 &v
189 2682 421 2736 βιαζομένου
467 2684 565 2739 πρὸς
614 2684 683 2738 τὴν
730 2684 806 2723 δια·
953 2700 1027 2741 ρας
1050 2687 1128 2737 ἅμα
1151 2685 1210 2724 καὶ
1233 2687 1356 2732 πόδας
1389 2686 1447 2731 εἰς
1480 2685 1550 2740 τὴν
1580 2687 1656 2725 διά-

106 2769 235 2794 στασιν
283 2752 379 2800 τοὺς
427 2760 582 2809 σφῆνας
625 2753 691 2807 μέν
741 2769 807 2793 κα-
954 2770 1082 2795 owen)
1126 2755 1329 2808 βῑάζέσῦαι
1370 2756 1470 2812 πρὸς
1503 2756 1546 2795 τ’)
1581 2757 1658 2796 δια-

107 2830 296 2873 ταπέσέῖν,
361 2825 475 2864 αὐτὸν
536 2824 576 2865 δέ
634 2840 808 2881 πέρισχε-
953 2832 1090 2881 στῆσαν.
1109 2827 1279 2873 τελέως·
1298 2831 1493 2866 τοῦοῠτων
1509 2825 1539 2866 δ’
1558 2828 1657 2883 ἴσχυ-

106 2895 223 2935 θέντα
300 2893 350 2949 τῇ
433 2898 650 2948 ‘sepsi-idio&
731 2901 808 2936 τῖον
954 2900 1135 2949 σεμόνον,
1158 2896 1249 2937 ὥστ’
1268 2898 1437 2938 ἐκπεσεῖν
1454 2897 1548 2944 τοὺς
1562 2899 1658 2954 σφῆ-

1496 2993 1517 3025 4
