<?xml version="1.0" encoding="UTF-8"?>
<!DOCTYPE html PUBLIC "-//W3C//DTD XHTML 1.0 Transitional//EN"
    "http://www.w3.org/TR/xhtml1/DTD/xhtml1-transitional.dtd">
<html xmlns="http://www.w3.org/1999/xhtml" xml:lang="en" lang="en">
 <head>
  <title>
</title>
<meta http-equiv="Content-Type" content="text/html;charset=utf-8" />
  <meta name='ocr-system' content='tesseract 3.04.00' />
  <meta name='ocr-capabilities' content='ocr_page ocr_carea ocr_par ocr_line ocrx_word'/>
</head>
<body>
  <div class='ocr_page' id='page_1' title='image "./delucianischolio00helmuoft_0072.png"; bbox 0 0 2080 3392; ppageno 0'>
   <div class='ocr_carea' id='block_1_1' title="bbox 1078 331 1136 373">
    <p class='ocr_par' dir='ltr' id='par_1_1' title="bbox 1078 331 1136 373">
     <span class='ocr_line' id='line_1_1' title="bbox 1078 331 1136 373; baseline 0 0"><span class='ocrx_word' id='word_1_1' title='bbox 1078 331 1136 373; x_wconf 81' lang='lat'>68</span> 
     </span>
    </p>
   </div>
   <div class='ocr_carea' id='block_1_2' title="bbox 332 457 1892 661">
    <p class='ocr_par' dir='ltr' id='par_1_2' title="bbox 332 457 1892 661">
     <span class='ocr_line' id='line_1_2' title="bbox 332 457 1889 517; baseline -0.004 -10"><span class='ocrx_word' id='word_1_2' title='bbox 332 465 387 508; x_wconf 87' lang='lat' dir='ltr'>ad</span> <span class='ocrx_word' id='word_1_3' title='bbox 434 463 566 506; x_wconf 82' lang='lat' dir='ltr'>finem</span> <span class='ocrx_word' id='word_1_4' title='bbox 612 461 818 517; x_wconf 87' lang='lat' dir='ltr'>singulae</span> <span class='ocrx_word' id='word_1_5' title='bbox 861 459 1187 516; x_wconf 74' lang='lat' dir='ltr'>explicationes</span> <span class='ocrx_word' id='word_1_6' title='bbox 1233 458 1421 516; x_wconf 79' lang='grc' dir='ltr'>πρόξενοι,</span> <span class='ocrx_word' id='word_1_7' title='bbox 1460 459 1648 512; x_wconf 76' lang='grc' dir='ltr'>ἰδιόξενοι,</span> <span class='ocrx_word' id='word_1_8' title='bbox 1681 457 1889 516; x_wconf 68' lang='grc' dir='ltr'>δορύξενοι,</span> 
     </span>
     <span class='ocr_line' id='line_1_3' title="bbox 333 529 1890 591; baseline -0.003 -14"><span class='ocrx_word' id='word_1_9' title='bbox 333 535 433 588; x_wconf 72' lang='grc' dir='ltr'>Ξένον.</span> <span class='ocrx_word' id='word_1_10' title='bbox 467 534 626 591; x_wconf 89' lang='lat' dir='ltr'>partim</span> <span class='ocrx_word' id='word_1_11' title='bbox 663 532 718 574; x_wconf 88' lang='lat' dir='ltr'>ad</span> <span class='ocrx_word' id='word_1_12' title='bbox 746 532 937 574; x_wconf 82' lang='lat' dir='ltr'>verbum</span> <span class='ocrx_word' id='word_1_13' title='bbox 974 545 1074 573; x_wconf 89' lang='lat' dir='ltr'>curn</span> <span class='ocrx_word' id='word_1_14' title='bbox 1099 529 1424 587; x_wconf 79' lang='lat' dir='ltr'>Aristophane,</span> <span class='ocrx_word' id='word_1_15' title='bbox 1460 530 1542 573; x_wconf 88' lang='lat' dir='ltr'>sed</span> <span class='ocrx_word' id='word_1_16' title='bbox 1567 530 1684 573; x_wconf 89' lang='lat' dir='ltr'>ordo</span> <span class='ocrx_word' id='word_1_17' title='bbox 1718 543 1890 581; x_wconf 87' lang='lat' dir='ltr'>earum,</span> 
     </span>
     <span class='ocr_line' id='line_1_4' title="bbox 334 600 1892 661; baseline -0.003 -13"><span class='ocrx_word' id='word_1_18' title='bbox 334 620 466 661; x_wconf 82' lang='lat' dir='ltr'>quem</span> <span class='ocrx_word' id='word_1_19' title='bbox 514 603 770 646; x_wconf 82' lang='lat' dir='ltr'>invenimus</span> <span class='ocrx_word' id='word_1_20' title='bbox 816 601 856 644; x_wconf 91' lang='lat' dir='ltr'>in</span> <span class='ocrx_word' id='word_1_21' title='bbox 903 601 1092 652; x_wconf 85' lang='lat' dir='ltr'>scholiO,</span> <span class='ocrx_word' id='word_1_22' title='bbox 1140 616 1229 643; x_wconf 93' lang='lat' dir='ltr'>non</span> <span class='ocrx_word' id='word_1_23' title='bbox 1274 600 1392 644; x_wconf 84' lang='lat' dir='ltr'>idern</span> <span class='ocrx_word' id='word_1_24' title='bbox 1428 610 1496 644; x_wconf 85' lang='lat' dir='ltr'>est</span> <span class='ocrx_word' id='word_1_25' title='bbox 1530 610 1667 658; x_wconf 86' lang='lat' dir='ltr'>atque</span> <span class='ocrx_word' id='word_1_26' title='bbox 1700 601 1743 644; x_wconf 91' lang='lat' dir='ltr'>in</span> <span class='ocrx_word' id='word_1_27' title='bbox 1778 600 1892 657; x_wconf 80' lang='lat' dir='ltr'>frag-</span> 
     </span>
    </p>
   </div>
   <div class='ocr_carea' id='block_1_3' title="bbox 333 675 756 730">
    <p class='ocr_par' dir='ltr' id='par_1_3' title="bbox 333 675 756 730">
     <span class='ocr_line' id='line_1_5' title="bbox 333 675 756 730; baseline -0.009 -11"><span class='ocrx_word' id='word_1_28' title='bbox 333 685 485 719; x_wconf 88' lang='lat' dir='ltr'>mento</span> <span class='ocrx_word' id='word_1_29' title='bbox 521 675 756 730; x_wconf 77' lang='lat' dir='ltr'>Aristoph.</span> 
     </span>
    </p>
   </div>
   <div class='ocr_carea' id='block_1_4' title="bbox 823 672 1890 729">
    <p class='ocr_par' dir='ltr' id='par_1_4' title="bbox 823 672 1890 729">
     <span class='ocr_line' id='line_1_6' title="bbox 823 672 1890 729; baseline -0.001 -14"><span class='ocrx_word' id='word_1_30' title='bbox 823 673 1068 716; x_wconf 84' lang='lat' dir='ltr'>Praeterea</span> <span class='ocrx_word' id='word_1_31' title='bbox 1112 687 1257 729; x_wconf 83' lang='lat' dir='ltr'>pauca</span> <span class='ocrx_word' id='word_1_32' title='bbox 1292 672 1457 715; x_wconf 85' lang='lat' dir='ltr'>desunt</span> <span class='ocrx_word' id='word_1_33' title='bbox 1490 672 1529 715; x_wconf 92' lang='lat' dir='ltr'>in</span> <span class='ocrx_word' id='word_1_34' title='bbox 1565 672 1890 729; x_wconf 83' lang='lat' dir='ltr'>Aristophane,</span> 
     </span>
    </p>
   </div>
   <div class='ocr_carea' id='block_1_5' title="bbox 333 743 1892 944">
    <p class='ocr_par' dir='ltr' id='par_1_5' title="bbox 333 743 1892 944">
     <span class='ocr_line' id='line_1_7' title="bbox 334 743 1892 802; baseline -0.003 -12"><span class='ocrx_word' id='word_1_35' title='bbox 334 748 457 790; x_wconf 83' lang='lat' dir='ltr'>velut</span> <span class='ocrx_word' id='word_1_36' title='bbox 480 748 540 794; x_wconf 80' lang='grc' dir='ltr'>ὡς</span> <span class='ocrx_word' id='word_1_37' title='bbox 563 747 763 802; x_wconf 74' lang='grc' dir='ltr'>Διομήδης</span> <span class='ocrx_word' id='word_1_38' title='bbox 786 745 978 793; x_wconf 76' lang='grc' dir='ltr'>Γλαῦκον,</span> <span class='ocrx_word' id='word_1_39' title='bbox 1013 743 1134 786; x_wconf 87' lang='lat' dir='ltr'>unde</span> <span class='ocrx_word' id='word_1_40' title='bbox 1160 743 1245 786; x_wconf 87' lang='lat' dir='ltr'>iarn</span> <span class='ocrx_word' id='word_1_41' title='bbox 1271 743 1562 786; x_wconf 79' lang='lat' dir='ltr'>scholiastam</span> <span class='ocrx_word' id='word_1_42' title='bbox 1593 743 1892 799; x_wconf 86' lang='lat' dir='ltr'>(Aretham,</span> 
     </span>
     <span class='ocr_line' id='line_1_8' title="bbox 335 814 1892 872; baseline -0.004 -11"><span class='ocrx_word' id='word_1_43' title='bbox 335 818 468 861; x_wconf 85' lang='lat' dir='ltr'>codd.</span> <span class='ocrx_word' id='word_1_44' title='bbox 505 817 597 871; x_wconf 76' lang='lat' dir='ltr'>BC)</span> <span class='ocrx_word' id='word_1_45' title='bbox 649 831 737 859; x_wconf 89' lang='lat' dir='ltr'>non</span> <span class='ocrx_word' id='word_1_46' title='bbox 783 815 1142 872; x_wconf 79' lang='lat' dir='ltr'>Aristophanem</span> <span class='ocrx_word' id='word_1_47' title='bbox 1193 814 1338 872; x_wconf 90' lang='lat' dir='ltr'>ipsum</span> <span class='ocrx_word' id='word_1_48' title='bbox 1390 829 1641 872; x_wconf 80' lang='lat' dir='ltr'>usurpasse</span> <span class='ocrx_word' id='word_1_49' title='bbox 1690 821 1892 872; x_wconf 86' lang='lat' dir='ltr'>apparet.</span> 
     </span>
     <span class='ocr_line' id='line_1_9' title="bbox 333 885 1892 944; baseline -0.004 -12"><span class='ocrx_word' id='word_1_50' title='bbox 333 889 568 933; x_wconf 88' lang='lat' dir='ltr'>Mutuatus</span> <span class='ocrx_word' id='word_1_51' title='bbox 594 896 676 939; x_wconf 84' lang='lat' dir='ltr'>est,</span> <span class='ocrx_word' id='word_1_52' title='bbox 713 888 888 944; x_wconf 80' lang='lat' dir='ltr'>opinor,</span> <span class='ocrx_word' id='word_1_53' title='bbox 914 885 1119 929; x_wconf 85' lang='lat' dir='ltr'>scholion</span> <span class='ocrx_word' id='word_1_54' title='bbox 1146 901 1170 928; x_wconf 89' lang='lat' dir='ltr'>a</span> <span class='ocrx_word' id='word_1_55' title='bbox 1193 886 1539 944; x_wconf 80' lang='lat' dir='ltr'>lexicographo,</span> <span class='ocrx_word' id='word_1_56' title='bbox 1580 886 1655 944; x_wconf 90' lang='lat' dir='ltr'>qui</span> <span class='ocrx_word' id='word_1_57' title='bbox 1689 885 1892 939; x_wconf 86' lang='lat' dir='ltr'>glossam</span> 
     </span>
    </p>
   </div>
   <div class='ocr_carea' id='block_1_6' title="bbox 335 957 1134 1014">
    <p class='ocr_par' dir='ltr' id='par_1_6' title="bbox 335 957 1134 1014">
     <span class='ocr_line' id='line_1_10' title="bbox 335 957 1134 1014; baseline -0.006 -10"><span class='ocrx_word' id='word_1_58' title='bbox 335 977 359 1004; x_wconf 89' lang='lat' dir='ltr'>e</span> <span class='ocrx_word' id='word_1_59' title='bbox 394 959 588 1003; x_wconf 87' lang='lat' dir='ltr'>diversis</span> <span class='ocrx_word' id='word_1_60' title='bbox 625 958 824 1001; x_wconf 78' lang='lat' dir='ltr'>fontibus</span> <span class='ocrx_word' id='word_1_61' title='bbox 858 957 1134 1014; x_wconf 86' lang='lat' dir='ltr'>composuit:</span> 
     </span>
    </p>
   </div>
   <div class='ocr_carea' id='block_1_7' title="bbox 227 1089 1081 1298">
    <p class='ocr_par' dir='ltr' id='par_1_7' title="bbox 227 1089 1081 1298">
     <span class='ocr_line' id='line_1_11' title="bbox 571 1089 726 1132; baseline -0.006 0"><span class='ocrx_word' id='word_1_62' title='bbox 571 1089 726 1132; x_wconf 71' lang='lat' dir='ltr'>SchoL</span> 
     </span>
     <span class='ocr_line' id='line_1_12' title="bbox 227 1170 1081 1232; baseline -0.006 -16"><span class='ocrx_word' id='word_1_63' title='bbox 227 1171 777 1232; x_wconf 76' lang='grc' dir='ltr'>πρόξενος-ἰδιόξενος]</span> <span class='ocrx_word' id='word_1_64' title='bbox 805 1170 998 1228; x_wconf 88' lang='grc' dir='ltr'>πρόξενος</span> <span class='ocrx_word' id='word_1_65' title='bbox 1020 1172 1081 1211; x_wconf 78' lang='grc' dir='ltr'>καί</span> 
     </span>
     <span class='ocr_line' id='line_1_13' title="bbox 228 1242 1080 1298; baseline -0.005 -11"><span class='ocrx_word' id='word_1_66' title='bbox 228 1245 417 1298; x_wconf 86' lang='grc' dir='ltr'>ἰδιόξενος</span> <span class='ocrx_word' id='word_1_67' title='bbox 464 1245 524 1285; x_wconf 78' lang='grc' dir='ltr'>καὶ</span> <span class='ocrx_word' id='word_1_68' title='bbox 573 1242 788 1296; x_wconf 83' lang='grc' dir='ltr'>ἀστόξενος</span> <span class='ocrx_word' id='word_1_69' title='bbox 838 1244 961 1297; x_wconf 73' lang='grc' dir='ltr'>ταύτῃ</span> <span class='ocrx_word' id='word_1_70' title='bbox 1005 1244 1080 1283; x_wconf 91' lang='grc' dir='ltr'>δια-</span> 
     </span>
    </p>
   </div>
   <div class='ocr_carea' id='block_1_8' title="bbox 230 1320 518 1374">
    <p class='ocr_par' dir='ltr' id='par_1_8' title="bbox 230 1320 518 1374">
     <span class='ocr_line' id='line_1_14' title="bbox 230 1320 518 1374; baseline 0 -16"><span class='ocrx_word' id='word_1_71' title='bbox 230 1320 518 1374; x_wconf 78' lang='grc' dir='ltr'>φέρει....,.</span> 
     </span>
    </p>
   </div>
   <div class='ocr_carea' id='block_1_9' title="bbox 777 1315 1081 1371">
    <p class='ocr_par' dir='ltr' id='par_1_9' title="bbox 777 1315 1081 1371">
     <span class='ocr_line' id='line_1_15' title="bbox 777 1315 1081 1371; baseline -0.013 -14"><span class='ocrx_word' id='word_1_72' title='bbox 777 1350 784 1357; x_wconf 97' lang='grc'><em>.</em></span> <span class='ocrx_word' id='word_1_73' title='bbox 808 1350 814 1357; x_wconf 87' lang='grc'><strong>.</strong></span> <span class='ocrx_word' id='word_1_74' title='bbox 838 1350 844 1357; x_wconf 92' lang='grc'><strong>.</strong></span> <span class='ocrx_word' id='word_1_75' title='bbox 868 1349 874 1355; x_wconf 89' lang='grc'>.</span> <span class='ocrx_word' id='word_1_76' title='bbox 896 1329 1018 1371; x_wconf 88' lang='grc' dir='ltr'>ετεροι</span> <span class='ocrx_word' id='word_1_77' title='bbox 1041 1315 1081 1354; x_wconf 87' lang='grc' dir='ltr'>δε</span> 
     </span>
    </p>
   </div>
   <div class='ocr_carea' id='block_1_10' title="bbox 229 1385 1085 1871">
    <p class='ocr_par' dir='ltr' id='par_1_10' title="bbox 229 1385 1082 1584">
     <span class='ocr_line' id='line_1_16' title="bbox 229 1385 1082 1446; baseline -0.005 -17"><span class='ocrx_word' id='word_1_78' title='bbox 229 1387 446 1446; x_wconf 78' lang='grc' dir='ltr'>προξένους</span> <span class='ocrx_word' id='word_1_79' title='bbox 515 1389 583 1440; x_wconf 91' lang='grc' dir='ltr'>μέν</span> <span class='ocrx_word' id='word_1_80' title='bbox 653 1402 743 1442; x_wconf 74' lang='grc' dir='ltr'>φασι</span> <span class='ocrx_word' id='word_1_81' title='bbox 816 1385 911 1432; x_wconf 72' lang='grc' dir='ltr'>τοὺς</span> <span class='ocrx_word' id='word_1_82' title='bbox 984 1387 1082 1425; x_wconf 78' lang='grc' dir='ltr'>κατά</span> 
     </span>
     <span class='ocr_line' id='line_1_17' title="bbox 230 1457 1082 1514; baseline -0.007 -13"><span class='ocrx_word' id='word_1_83' title='bbox 230 1461 352 1514; x_wconf 85' lang='grc' dir='ltr'>δόγμα</span> <span class='ocrx_word' id='word_1_84' title='bbox 420 1458 612 1499; x_wconf 81' lang='grc' dir='ltr'>πολιτικὸν</span> <span class='ocrx_word' id='word_1_85' title='bbox 682 1462 909 1514; x_wconf 77' lang='grc' dir='ltr'>προστάτας</span> <span class='ocrx_word' id='word_1_86' title='bbox 979 1457 1082 1496; x_wconf 75' lang='grc' dir='ltr'>ὅλων</span> 
     </span>
     <span class='ocr_line' id='line_1_18' title="bbox 231 1531 695 1584; baseline -0.009 -12"><span class='ocrx_word' id='word_1_87' title='bbox 231 1531 384 1572; x_wconf 87' lang='grc' dir='ltr'>πόλεων</span> <span class='ocrx_word' id='word_1_88' title='bbox 449 1532 695 1584; x_wconf 87' lang='grc' dir='ltr'>γενομένους,</span> 
     </span>
    </p>

    <p class='ocr_par' dir='ltr' id='par_1_11' title="bbox 231 1599 1085 1871">
     <span class='ocr_line' id='line_1_19' title="bbox 231 1599 1084 1655; baseline -0.007 -12"><span class='ocrx_word' id='word_1_89' title='bbox 231 1601 444 1655; x_wconf 82' lang='grc' dir='ltr'>ἰδιοξένους</span> <span class='ocrx_word' id='word_1_90' title='bbox 509 1600 549 1642; x_wconf 80' lang='grc' dir='ltr'>δέ</span> <span class='ocrx_word' id='word_1_91' title='bbox 618 1599 714 1647; x_wconf 72' lang='grc' dir='ltr'>τοὺς</span> <span class='ocrx_word' id='word_1_92' title='bbox 788 1601 829 1640; x_wconf 79' lang='grc' dir='ltr'>ἐκ</span> <span class='ocrx_word' id='word_1_93' title='bbox 900 1600 1084 1646; x_wconf 87' lang='grc' dir='ltr'>πλείονος</span> 
     </span>
     <span class='ocr_line' id='line_1_20' title="bbox 232 1673 1025 1731; baseline -0.009 -16"><span class='ocrx_word' id='word_1_94' title='bbox 232 1677 370 1731; x_wconf 86' lang='grc' dir='ltr'>χρόνου</span> <span class='ocrx_word' id='word_1_95' title='bbox 443 1674 467 1727; x_wconf 86' lang='grc' dir='ltr'>ἢ</span> <span class='ocrx_word' id='word_1_96' title='bbox 542 1673 583 1712; x_wconf 77' lang='grc' dir='ltr'>ἐκ</span> <span class='ocrx_word' id='word_1_97' title='bbox 653 1674 831 1727; x_wconf 76' lang='grc' dir='ltr'>πατέρων</span> <span class='ocrx_word' id='word_1_98' title='bbox 905 1686 1025 1726; x_wconf 87' lang='grc' dir='ltr'>παρα-</span> 
     </span>
     <span class='ocr_line' id='line_1_21' title="bbox 232 1743 1085 1802; baseline -0.008 -16"><span class='ocrx_word' id='word_1_99' title='bbox 232 1747 358 1802; x_wconf 81' lang='grc' dir='ltr'>δοχῆς</span> <span class='ocrx_word' id='word_1_100' title='bbox 441 1748 664 1800; x_wconf 77' lang='grc' dir='ltr'>τηροῦντας</span> <span class='ocrx_word' id='word_1_101' title='bbox 742 1744 931 1795; x_wconf 80' lang='grc' dir='ltr'>ὁμόνοιαν,</span> <span class='ocrx_word' id='word_1_102' title='bbox 1015 1743 1085 1781; x_wconf 78' lang='grc' dir='ltr'>κᾶν</span> 
     </span>
     <span class='ocr_line' id='line_1_22' title="bbox 233 1815 1053 1871; baseline -0.006 -15"><span class='ocrx_word' id='word_1_103' title='bbox 233 1815 331 1857; x_wconf 75' lang='grc' dir='ltr'>πολὺ</span> <span class='ocrx_word' id='word_1_104' title='bbox 416 1821 504 1862; x_wconf 78' lang='grc' dir='ltr'>ταῖς</span> <span class='ocrx_word' id='word_1_105' title='bbox 587 1816 760 1871; x_wconf 75' lang='grc' dir='ltr'>πατρίσιν</span> <span class='ocrx_word' id='word_1_106' title='bbox 843 1815 1053 1868; x_wconf 74' lang='grc' dir='ltr'>ἀπέχωσιν·</span> 
     </span>
    </p>
   </div>
   <div class='ocr_carea' id='block_1_11' title="bbox 229 1884 1090 2582">
    <p class='ocr_par' dir='ltr' id='par_1_12' title="bbox 229 1884 1090 2582">
     <span class='ocr_line' id='line_1_23' title="bbox 229 1884 1086 1943; baseline -0.006 -16"><span class='ocrx_word' id='word_1_107' title='bbox 229 1887 267 1927; x_wconf 69' lang='grc' dir='ltr'>ὀἳ</span> <span class='ocrx_word' id='word_1_108' title='bbox 319 1888 517 1943; x_wconf 75' lang='grc' dir='ltr'>φαίνονται</span> <span class='ocrx_word' id='word_1_109' title='bbox 569 1885 629 1925; x_wconf 80' lang='grc' dir='ltr'>καὶ</span> <span class='ocrx_word' id='word_1_110' title='bbox 689 1885 906 1941; x_wconf 74' lang='grc' dir='ltr'>σφραγῖδας</span> <span class='ocrx_word' id='word_1_111' title='bbox 961 1884 1086 1938; x_wconf 80' lang='grc' dir='ltr'>ἀλλη-</span> 
     </span>
     <span class='ocr_line' id='line_1_24' title="bbox 234 1955 1087 2009; baseline -0.007 -10"><span class='ocrx_word' id='word_1_112' title='bbox 234 1960 324 2005; x_wconf 91' lang='grc' dir='ltr'>λοις</span> <span class='ocrx_word' id='word_1_113' title='bbox 376 1959 594 2004; x_wconf 72' lang='grc' dir='ltr'>δεικνύντες</span> <span class='ocrx_word' id='word_1_114' title='bbox 646 1957 707 1996; x_wconf 78' lang='grc' dir='ltr'>καὶ</span> <span class='ocrx_word' id='word_1_115' title='bbox 760 1955 938 2009; x_wconf 77' lang='grc' dir='ltr'>σύμβολα</span> <span class='ocrx_word' id='word_1_116' title='bbox 1005 1969 1087 1994; x_wconf 87' lang='grc' dir='ltr'>τινα</span> 
     </span>
     <span class='ocr_line' id='line_1_25' title="bbox 235 2028 1087 2082; baseline -0.008 -12"><span class='ocrx_word' id='word_1_117' title='bbox 235 2031 462 2082; x_wconf 69' lang='grc' dir='ltr'>ποιούμενοι,</span> <span class='ocrx_word' id='word_1_118' title='bbox 524 2029 586 2068; x_wconf 76' lang='grc' dir='ltr'>ἵνα</span> <span class='ocrx_word' id='word_1_119' title='bbox 648 2028 719 2074; x_wconf 76' lang='grc' dir='ltr'>οὓς</span> <span class='ocrx_word' id='word_1_120' title='bbox 783 2029 827 2066; x_wconf 84' lang='grc' dir='ltr'>ἀν</span> <span class='ocrx_word' id='word_1_121' title='bbox 890 2028 1087 2079; x_wconf 79' lang='grc' dir='ltr'>πέμπωσιν</span> 
     </span>
     <span class='ocr_line' id='line_1_26' title="bbox 236 2098 1087 2154; baseline -0.006 -13"><span class='ocrx_word' id='word_1_122' title='bbox 236 2103 418 2154; x_wconf 74' lang='grc' dir='ltr'>ἀγνῶτας</span> <span class='ocrx_word' id='word_1_123' title='bbox 450 2102 526 2140; x_wconf 84' lang='grc' dir='ltr'>οἷον</span> <span class='ocrx_word' id='word_1_124' title='bbox 561 2098 668 2146; x_wconf 75' lang='grc' dir='ltr'>υἱοὺς</span> <span class='ocrx_word' id='word_1_125' title='bbox 702 2100 725 2153; x_wconf 79' lang='grc' dir='ltr'>ἢ</span> <span class='ocrx_word' id='word_1_126' title='bbox 761 2099 938 2146; x_wconf 86' lang='grc' dir='ltr'>οἰκείους,</span> <span class='ocrx_word' id='word_1_127' title='bbox 972 2111 1087 2153; x_wconf 85' lang='grc' dir='ltr'>προσ-</span> 
     </span>
     <span class='ocr_line' id='line_1_27' title="bbox 235 2168 1087 2228; baseline -0.006 -16"><span class='ocrx_word' id='word_1_128' title='bbox 235 2173 423 2228; x_wconf 72' lang='grc' dir='ltr'>δέχωνται</span> <span class='ocrx_word' id='word_1_129' title='bbox 457 2174 584 2227; x_wconf 83' lang='grc' dir='ltr'>ἅτεροι</span> <span class='ocrx_word' id='word_1_130' title='bbox 616 2171 675 2210; x_wconf 83' lang='grc' dir='ltr'>διά</span> <span class='ocrx_word' id='word_1_131' title='bbox 707 2171 756 2209; x_wconf 85' lang='grc' dir='ltr'>τά</span> <span class='ocrx_word' id='word_1_132' title='bbox 789 2168 978 2222; x_wconf 72' lang='grc' dir='ltr'>σύμβολα.</span> <span class='ocrx_word' id='word_1_133' title='bbox 1015 2183 1087 2223; x_wconf 77' lang='grc' dir='ltr'>φα-</span> 
     </span>
     <span class='ocr_line' id='line_1_28' title="bbox 238 2237 1087 2298; baseline -0.006 -15"><span class='ocrx_word' id='word_1_134' title='bbox 238 2244 272 2284; x_wconf 76' lang='grc' dir='ltr'>σὶ</span> <span class='ocrx_word' id='word_1_135' title='bbox 329 2242 371 2283; x_wconf 77' lang='grc' dir='ltr'>δέ</span> <span class='ocrx_word' id='word_1_136' title='bbox 428 2242 490 2282; x_wconf 78' lang='grc' dir='ltr'>καὶ</span> <span class='ocrx_word' id='word_1_137' title='bbox 546 2239 782 2298; x_wconf 80' lang='grc' dir='ltr'>δορυξένους</span> <span class='ocrx_word' id='word_1_138' title='bbox 836 2241 938 2280; x_wconf 69' lang='grc' dir='ltr'>οὗτοι</span> <span class='ocrx_word' id='word_1_139' title='bbox 992 2237 1087 2285; x_wconf 79' lang='grc' dir='ltr'>τοὺς</span> 
     </span>
     <span class='ocr_line' id='line_1_29' title="bbox 237 2311 1088 2367; baseline -0.007 -13"><span class='ocrx_word' id='word_1_140' title='bbox 237 2315 337 2354; x_wconf 85' lang='grc' dir='ltr'>κατά</span> <span class='ocrx_word' id='word_1_141' title='bbox 394 2314 564 2365; x_wconf 83' lang='grc' dir='ltr'>πόλεμον</span> <span class='ocrx_word' id='word_1_142' title='bbox 624 2312 834 2367; x_wconf 78' lang='grc' dir='ltr'>ἀλλήλους</span> <span class='ocrx_word' id='word_1_143' title='bbox 888 2311 1088 2366; x_wconf 70' lang='grc' dir='ltr'>φιλοποιη-</span> 
     </span>
     <span class='ocr_line' id='line_1_30' title="bbox 239 2381 1087 2438; baseline -0.006 -13"><span class='ocrx_word' id='word_1_144' title='bbox 239 2387 447 2438; x_wconf 88' lang='grc' dir='ltr'>σαμένους,</span> <span class='ocrx_word' id='word_1_145' title='bbox 483 2383 548 2430; x_wconf 78' lang='grc' dir='ltr'>ὡς</span> <span class='ocrx_word' id='word_1_146' title='bbox 582 2383 827 2437; x_wconf 83' lang='grc' dir='ltr'>Διομήδης</span> <span class='ocrx_word' id='word_1_147' title='bbox 860 2381 1087 2421; x_wconf 74' lang='grc' dir='ltr'>Γλαῦκον.</span> 
     </span>
     <span class='ocr_line' id='line_1_31' title="bbox 241 2452 1090 2509; baseline -0.006 -13"><span class='ocrx_word' id='word_1_148' title='bbox 241 2455 382 2508; x_wconf 88' lang='grc' dir='ltr'>ξένους</span> <span class='ocrx_word' id='word_1_149' title='bbox 404 2454 444 2496; x_wconf 79' lang='grc' dir='ltr'>δέ</span> <span class='ocrx_word' id='word_1_150' title='bbox 474 2455 615 2501; x_wconf 74' lang='grc' dir='ltr'>ἁπλῶς</span> <span class='ocrx_word' id='word_1_151' title='bbox 644 2452 740 2500; x_wconf 78' lang='grc' dir='ltr'>τοὺς</span> <span class='ocrx_word' id='word_1_152' title='bbox 773 2452 816 2505; x_wconf 80' lang='grc' dir='ltr'>ἐξ</span> <span class='ocrx_word' id='word_1_153' title='bbox 850 2453 992 2509; x_wconf 81' lang='grc' dir='ltr'>ἑτέρας</span> <span class='ocrx_word' id='word_1_154' title='bbox 1024 2453 1090 2491; x_wconf 87' lang='grc' dir='ltr'>πό-</span> 
     </span>
     <span class='ocr_line' id='line_1_32' title="bbox 240 2525 1090 2582; baseline -0.006 -15"><span class='ocrx_word' id='word_1_155' title='bbox 240 2528 350 2574; x_wconf 87' lang='grc' dir='ltr'>λεως</span> <span class='ocrx_word' id='word_1_156' title='bbox 402 2526 780 2582; x_wconf 70' lang='grc' dir='ltr'>παρεπιδημοῦντας,</span> <span class='ocrx_word' id='word_1_157' title='bbox 846 2525 911 2564; x_wconf 79' lang='grc' dir='ltr'>εἀν</span> <span class='ocrx_word' id='word_1_158' title='bbox 960 2539 1001 2563; x_wconf 87' lang='grc' dir='ltr'>τε</span> <span class='ocrx_word' id='word_1_159' title='bbox 1050 2525 1090 2562; x_wconf 84' lang='grc' dir='ltr'>ἀ-</span> 
     </span>
    </p>
   </div>
   <div class='ocr_carea' id='block_1_12' title="bbox 242 2595 1090 2652">
    <p class='ocr_par' dir='ltr' id='par_1_13' title="bbox 242 2595 1090 2652">
     <span class='ocr_line' id='line_1_33' title="bbox 242 2595 1090 2652; baseline -0.007 -14"><span class='ocrx_word' id='word_1_160' title='bbox 242 2603 393 2652; x_wconf 74' lang='grc' dir='ltr'>γνῶτες</span> <span class='ocrx_word' id='word_1_161' title='bbox 456 2597 559 2639; x_wconf 74' lang='grc' dir='ltr'>ὦσιν,</span> <span class='ocrx_word' id='word_1_162' title='bbox 626 2596 691 2636; x_wconf 85' lang='grc' dir='ltr'>έαν</span> <span class='ocrx_word' id='word_1_163' title='bbox 755 2610 796 2635; x_wconf 84' lang='grc' dir='ltr'>τε</span> <span class='ocrx_word' id='word_1_164' title='bbox 848 2595 1090 2648; x_wconf 80' lang='grc' dir='ltr'>ἐγνωσμένοι,</span> 
     </span>
    </p>
   </div>
   <div class='ocr_carea' id='block_1_13' title="bbox 242 2665 1094 2721">
    <p class='ocr_par' dir='ltr' id='par_1_14' title="bbox 242 2665 1094 2721">
     <span class='ocr_line' id='line_1_34' title="bbox 242 2665 1094 2721; baseline -0.007 -11"><span class='ocrx_word' id='word_1_165' title='bbox 242 2668 340 2716; x_wconf 72' lang='grc' dir='ltr'>τοὺς</span> <span class='ocrx_word' id='word_1_166' title='bbox 392 2668 432 2709; x_wconf 82' lang='grc' dir='ltr'>δέ</span> <span class='ocrx_word' id='word_1_167' title='bbox 485 2668 605 2714; x_wconf 78' lang='grc' dir='ltr'>ἰδίους</span> <span class='ocrx_word' id='word_1_168' title='bbox 660 2666 798 2713; x_wconf 78' lang='grc' dir='ltr'>ξένους</span> <span class='ocrx_word' id='word_1_169' title='bbox 851 2669 968 2721; x_wconf 80' lang='grc' dir='ltr'>τινός7</span> <span class='ocrx_word' id='word_1_170' title='bbox 1023 2665 1094 2712; x_wconf 70' lang='grc' dir='ltr'>οὓς</span> 
     </span>
    </p>
   </div>
   <div class='ocr_carea' id='block_1_14' title="bbox 242 2737 1094 2793">
    <p class='ocr_par' dir='ltr' id='par_1_15' title="bbox 242 2737 1094 2793">
     <span class='ocr_line' id='line_1_35' title="bbox 242 2737 1094 2793; baseline -0.006 -13"><span class='ocrx_word' id='word_1_171' title='bbox 242 2741 281 2781; x_wconf 82' lang='grc' dir='ltr'>έν</span> <span class='ocrx_word' id='word_1_172' title='bbox 340 2741 438 2793; x_wconf 76' lang='grc' dir='ltr'>οἰκίᾳ</span> <span class='ocrx_word' id='word_1_173' title='bbox 499 2754 562 2785; x_wconf 84' lang='grc' dir='ltr'>τις</span> <span class='ocrx_word' id='word_1_174' title='bbox 615 2737 839 2790; x_wconf 73' lang='grc' dir='ltr'>ὑποδέξαιτο</span> <span class='ocrx_word' id='word_1_175' title='bbox 892 2737 952 2777; x_wconf 82' lang='grc' dir='ltr'>καί</span> <span class='ocrx_word' id='word_1_176' title='bbox 1006 2752 1094 2789; x_wconf 87' lang='grc' dir='ltr'>συμ-</span> 
     </span>
    </p>
   </div>
   <div class='ocr_carea' id='block_1_15' title="bbox 242 2809 1033 2868">
    <p class='ocr_par' dir='ltr' id='par_1_16' title="bbox 242 2809 1033 2868">
     <span class='ocr_line' id='line_1_36' title="bbox 242 2809 1033 2868; baseline -0.008 -17"><span class='ocrx_word' id='word_1_177' title='bbox 242 2809 399 2868; x_wconf 83' lang='grc' dir='ltr'>πράξειέ</span> <span class='ocrx_word' id='word_1_178' title='bbox 474 2826 507 2850; x_wconf 86' lang='grc' dir='ltr'>τι</span> <span class='ocrx_word' id='word_1_179' title='bbox 584 2814 662 2850; x_wconf 78' lang='grc' dir='ltr'>των</span> <span class='ocrx_word' id='word_1_180' title='bbox 737 2810 938 2866; x_wconf 84' lang='grc' dir='ltr'>χρησίμων</span> <span class='ocrx_word' id='word_1_181' title='bbox 1009 2809 1033 2862; x_wconf 74' lang='grc' dir='ltr'>ἢ</span> 
     </span>
    </p>
   </div>
   <div class='ocr_carea' id='block_1_16' title="bbox 459 2882 855 2936">
    <p class='ocr_par' dir='ltr' id='par_1_17' title="bbox 459 2882 855 2936">
     <span class='ocr_line' id='line_1_37' title="bbox 459 2882 855 2936; baseline -0.008 -15"><span class='ocrx_word' id='word_1_182' title='bbox 459 2886 536 2921; x_wconf 77' lang='grc' dir='ltr'>των</span> <span class='ocrx_word' id='word_1_183' title='bbox 570 2882 855 2936; x_wconf 77' lang='grc' dir='ltr'>ἀπορουμένων,</span> 
     </span>
    </p>
   </div>
   <div class='ocr_carea' id='block_1_17' title="bbox 1390 1076 1785 1144">
    <p class='ocr_par' dir='ltr' id='par_1_18' title="bbox 1390 1076 1785 1144">
     <span class='ocr_line' id='line_1_38' title="bbox 1390 1076 1785 1144; baseline 0.01 -15"><span class='ocrx_word' id='word_1_184' title='bbox 1390 1087 1626 1144; x_wconf 78' lang='lat' dir='ltr'>Aristoph.</span> <span class='ocrx_word' id='word_1_185' title='bbox 1662 1076 1785 1144; x_wconf 39' lang='grc' dir='ltr'>Βγῑ.ἱ</span> 
     </span>
    </p>
   </div>
   <div class='ocr_carea' id='block_1_18' title="bbox 1155 1382 2007 1511">
    <p class='ocr_par' dir='ltr' id='par_1_19' title="bbox 1155 1382 2007 1511">
     <span class='ocr_line' id='line_1_39' title="bbox 1155 1382 2007 1441; baseline -0.002 -17"><span class='ocrx_word' id='word_1_186' title='bbox 1155 1383 1331 1441; x_wconf 88' lang='grc' dir='ltr'>πρόξενοι</span> <span class='ocrx_word' id='word_1_187' title='bbox 1408 1383 1448 1424; x_wconf 81' lang='grc' dir='ltr'>δέ</span> <span class='ocrx_word' id='word_1_188' title='bbox 1525 1385 1733 1424; x_wconf 76' lang='grc' dir='ltr'>καλοῦνται</span> <span class='ocrx_word' id='word_1_189' title='bbox 1805 1383 1838 1423; x_wconf 74' lang='grc' dir='ltr'>οἱ</span> <span class='ocrx_word' id='word_1_190' title='bbox 1907 1382 2007 1422; x_wconf 81' lang='grc' dir='ltr'>κατὰ</span> 
     </span>
     <span class='ocr_line' id='line_1_40' title="bbox 1156 1454 2007 1511; baseline -0.004 -15"><span class='ocrx_word' id='word_1_191' title='bbox 1156 1457 1278 1510; x_wconf 89' lang='grc' dir='ltr'>δόγμα</span> <span class='ocrx_word' id='word_1_192' title='bbox 1349 1456 1540 1496; x_wconf 77' lang='grc' dir='ltr'>πολιτικόν</span> <span class='ocrx_word' id='word_1_193' title='bbox 1612 1458 1825 1511; x_wconf 83' lang='grc' dir='ltr'>προστάται</span> <span class='ocrx_word' id='word_1_194' title='bbox 1903 1454 2007 1494; x_wconf 83' lang='grc' dir='ltr'>ὅλων</span> 
     </span>
    </p>
   </div>
   <div class='ocr_carea' id='block_1_19' title="bbox 1157 1526 2007 1582">
    <p class='ocr_par' dir='ltr' id='par_1_20' title="bbox 1157 1526 2007 1582">
     <span class='ocr_line' id='line_1_41' title="bbox 1157 1526 2007 1582; baseline -0.002 -16"><span class='ocrx_word' id='word_1_195' title='bbox 1157 1528 1310 1567; x_wconf 88' lang='grc' dir='ltr'>πόλεων</span> <span class='ocrx_word' id='word_1_196' title='bbox 1354 1529 1547 1580; x_wconf 86' lang='grc' dir='ltr'>γενόμενοι</span> <span class='ocrx_word' id='word_1_197' title='bbox 1594 1526 1668 1566; x_wconf 80' lang='grc' dir='ltr'>καὶ</span> <span class='ocrx_word' id='word_1_198' title='bbox 1717 1526 2007 1582; x_wconf 73' lang='grc' dir='ltr'>φροντισταί,</span> 
     </span>
    </p>
   </div>
   <div class='ocr_carea' id='block_1_20' title="bbox 1157 1596 2011 2068">
    <p class='ocr_par' dir='ltr' id='par_1_21' title="bbox 1157 1596 2011 2068">
     <span class='ocr_line' id='line_1_42' title="bbox 1157 1596 2008 1650; baseline -0.002 -12"><span class='ocrx_word' id='word_1_199' title='bbox 1157 1596 1327 1650; x_wconf 72' lang='grc' dir='ltr'>ἰδιόξενοι</span> <span class='ocrx_word' id='word_1_200' title='bbox 1390 1598 1429 1638; x_wconf 89' lang='grc' dir='ltr'>δέ</span> <span class='ocrx_word' id='word_1_201' title='bbox 1493 1598 1582 1637; x_wconf 80' lang='grc' dir='ltr'>εἰσιν</span> <span class='ocrx_word' id='word_1_202' title='bbox 1645 1598 1677 1637; x_wconf 80' lang='grc' dir='ltr'>οἱ</span> <span class='ocrx_word' id='word_1_203' title='bbox 1733 1597 1775 1637; x_wconf 81' lang='grc' dir='ltr'>ἐκ</span> <span class='ocrx_word' id='word_1_204' title='bbox 1826 1597 2008 1643; x_wconf 83' lang='grc' dir='ltr'>πλείονος</span> 
     </span>
     <span class='ocr_line' id='line_1_43' title="bbox 1157 1667 2008 1726; baseline -0.004 -17"><span class='ocrx_word' id='word_1_205' title='bbox 1157 1672 1311 1726; x_wconf 85' lang='grc' dir='ltr'>χρόνου,</span> <span class='ocrx_word' id='word_1_206' title='bbox 1357 1669 1473 1725; x_wconf 80' lang='grc' dir='ltr'>τυχὸν</span> <span class='ocrx_word' id='word_1_207' title='bbox 1514 1668 1554 1709; x_wconf 77' lang='grc' dir='ltr'>δὲ</span> <span class='ocrx_word' id='word_1_208' title='bbox 1601 1668 1662 1709; x_wconf 77' lang='grc' dir='ltr'>καὶ</span> <span class='ocrx_word' id='word_1_209' title='bbox 1710 1667 1782 1708; x_wconf 81' lang='grc' dir='ltr'>ἀπὸ</span> <span class='ocrx_word' id='word_1_210' title='bbox 1829 1668 2008 1724; x_wconf 87' lang='grc' dir='ltr'>πατέρων</span> 
     </span>
     <span class='ocr_line' id='line_1_44' title="bbox 1158 1740 2009 1797; baseline -0.006 -16"><span class='ocrx_word' id='word_1_211' title='bbox 1158 1742 1382 1797; x_wconf 72' lang='grc' dir='ltr'>παραδοχῆς</span> <span class='ocrx_word' id='word_1_212' title='bbox 1392 1745 1604 1796; x_wconf 76' lang='grc' dir='ltr'>τηροῦντες</span> <span class='ocrx_word' id='word_1_213' title='bbox 1614 1740 1810 1795; x_wconf 81' lang='grc' dir='ltr'>ἀλλήλοις</span> <span class='ocrx_word' id='word_1_214' title='bbox 1822 1741 2009 1791; x_wconf 74' lang='grc' dir='ltr'>ὁμόνοιαν,</span> 
     </span>
     <span class='ocr_line' id='line_1_45' title="bbox 1158 1810 2009 1866; baseline -0.005 -15"><span class='ocrx_word' id='word_1_215' title='bbox 1158 1814 1227 1852; x_wconf 83' lang='grc' dir='ltr'>κάν</span> <span class='ocrx_word' id='word_1_216' title='bbox 1280 1812 1331 1866; x_wconf 72' lang='grc' dir='ltr'>τῇ</span> <span class='ocrx_word' id='word_1_217' title='bbox 1383 1812 1526 1866; x_wconf 83' lang='grc' dir='ltr'>οἰκήσει</span> <span class='ocrx_word' id='word_1_218' title='bbox 1578 1811 1639 1850; x_wconf 80' lang='grc' dir='ltr'>καὶ</span> <span class='ocrx_word' id='word_1_219' title='bbox 1691 1815 1780 1856; x_wconf 79' lang='grc' dir='ltr'>ταῖς</span> <span class='ocrx_word' id='word_1_220' title='bbox 1837 1810 2009 1865; x_wconf 87' lang='grc' dir='ltr'>πατρίσιν</span> 
     </span>
     <span class='ocr_line' id='line_1_46' title="bbox 1160 1881 2011 1938; baseline -0.006 -15"><span class='ocrx_word' id='word_1_221' title='bbox 1160 1884 1350 1938; x_wconf 76' lang='grc' dir='ltr'>ἀλλήλων</span> <span class='ocrx_word' id='word_1_222' title='bbox 1395 1884 1600 1938; x_wconf 82' lang='grc' dir='ltr'>ἀπέχωσιν,</span> <span class='ocrx_word' id='word_1_223' title='bbox 1641 1881 1673 1921; x_wconf 77' lang='grc' dir='ltr'>οἰ</span> <span class='ocrx_word' id='word_1_224' title='bbox 1705 1881 1766 1920; x_wconf 84' lang='grc' dir='ltr'>καὶ</span> <span class='ocrx_word' id='word_1_225' title='bbox 1798 1881 1857 1920; x_wconf 86' lang='grc' dir='ltr'>διά</span> <span class='ocrx_word' id='word_1_226' title='bbox 1888 1894 2011 1936; x_wconf 77' lang='grc' dir='ltr'>σφρα-</span> 
     </span>
     <span class='ocr_line' id='line_1_47' title="bbox 1161 1950 2010 2008; baseline -0.004 -14"><span class='ocrx_word' id='word_1_227' title='bbox 1161 1954 1272 2008; x_wconf 86' lang='grc' dir='ltr'>γίδων</span> <span class='ocrx_word' id='word_1_228' title='bbox 1325 1954 1385 1994; x_wconf 83' lang='grc' dir='ltr'>καί</span> <span class='ocrx_word' id='word_1_229' title='bbox 1439 1953 1574 1993; x_wconf 84' lang='grc' dir='ltr'>ἀλλων</span> <span class='ocrx_word' id='word_1_230' title='bbox 1628 1952 1836 2006; x_wconf 83' lang='grc' dir='ltr'>συμβόλων</span> <span class='ocrx_word' id='word_1_231' title='bbox 1889 1950 2010 2005; x_wconf 80' lang='grc' dir='ltr'>ἀλλή-</span> 
     </span>
     <span class='ocr_line' id='line_1_48' title="bbox 1324 2021 2010 2068; baseline -0.004 -4"><span class='ocrx_word' id='word_1_232' title='bbox 1324 2025 1502 2065; x_wconf 78' lang='grc' dir='ltr'>δυνανται</span> <span class='ocrx_word' id='word_1_233' title='bbox 1939 2021 2010 2068; x_wconf 85' lang='grc' dir='ltr'>οὓς</span> 
     </span>
    </p>
   </div>
   <div class='ocr_carea' id='block_1_21' title="bbox 1160 2022 1857 2076">
    <p class='ocr_par' dir='ltr' id='par_1_22' title="bbox 1160 2022 1857 2076">
     <span class='ocr_line' id='line_1_49' title="bbox 1160 2022 1857 2076; baseline -0.006 -11"><span class='ocrx_word' id='word_1_234' title='bbox 1160 2026 1247 2072; x_wconf 85' lang='grc' dir='ltr'>λοις</span> <span class='ocrx_word' id='word_1_235' title='bbox 1575 2024 1718 2076; x_wconf 81' lang='grc' dir='ltr'>ὁμιλεῖν</span> <span class='ocrx_word' id='word_1_236' title='bbox 1796 2022 1857 2062; x_wconf 78' lang='grc' dir='ltr'>καὶ</span> 
     </span>
    </p>
   </div>
   <div class='ocr_carea' id='block_1_22' title="bbox 1164 2096 1630 2149">
    <p class='ocr_par' dir='ltr' id='par_1_23' title="bbox 1164 2096 1630 2149">
     <span class='ocr_line' id='line_1_50' title="bbox 1164 2096 1630 2149; baseline -0.002 -13"><span class='ocrx_word' id='word_1_237' title='bbox 1164 2096 1367 2149; x_wconf 76' lang='grc' dir='ltr'>βούλονται</span> <span class='ocrx_word' id='word_1_238' title='bbox 1401 2099 1630 2135; x_wconf 78' lang='grc' dir='ltr'>συνιστάναι.</span> 
     </span>
    </p>
   </div>
   <div class='ocr_carea' id='block_1_23' title="bbox 1373 2235 1936 2295">
    <p class='ocr_par' dir='ltr' id='par_1_24' title="bbox 1373 2235 1936 2295">
     <span class='ocr_line' id='line_1_51' title="bbox 1373 2235 1936 2295; baseline -0.009 -16"><span class='ocrx_word' id='word_1_239' title='bbox 1373 2236 1567 2295; x_wconf 75' lang='grc' dir='ltr'>δορυξένοι</span> <span class='ocrx_word' id='word_1_240' title='bbox 1598 2236 1640 2278; x_wconf 80' lang='grc' dir='ltr'>δὲ</span> <span class='ocrx_word' id='word_1_241' title='bbox 1672 2236 1731 2284; x_wconf 81' lang='grc' dir='ltr'>ὡς</span> <span class='ocrx_word' id='word_1_242' title='bbox 1763 2236 1870 2282; x_wconf 75' lang='grc' dir='ltr'>εἰκός</span> <span class='ocrx_word' id='word_1_243' title='bbox 1902 2235 1936 2275; x_wconf 77' lang='grc' dir='ltr'>οἱ</span> 
     </span>
    </p>
   </div>
   <div class='ocr_carea' id='block_1_24' title="bbox 1161 2309 2013 2506">
    <p class='ocr_par' dir='ltr' id='par_1_25' title="bbox 1161 2309 2013 2506">
     <span class='ocr_line' id='line_1_52' title="bbox 1161 2309 1917 2364; baseline -0.004 -14"><span class='ocrx_word' id='word_1_244' title='bbox 1161 2311 1261 2350; x_wconf 84' lang='grc' dir='ltr'>κατά</span> <span class='ocrx_word' id='word_1_245' title='bbox 1351 2310 1520 2362; x_wconf 83' lang='grc' dir='ltr'>πόλεμον</span> <span class='ocrx_word' id='word_1_246' title='bbox 1613 2309 1864 2364; x_wconf 70' lang='grc' dir='ltr'>φιλοποιησα-</span> <span class='ocrx_word' id='word_1_247' title='bbox 1914 2339 1917 2342; x_wconf 21' lang='grc' dir='ltr'><strong>Α</strong></span> 
     </span>
     <span class='ocr_line' id='line_1_53' title="bbox 1164 2397 1280 2435; baseline 0 -14"><span class='ocrx_word' id='word_1_248' title='bbox 1164 2397 1280 2435; x_wconf 87' lang='grc' dir='ltr'>μενοι.</span> 
     </span>
     <span class='ocr_line' id='line_1_54' title="bbox 1166 2449 2013 2506; baseline -0.006 -13"><span class='ocrx_word' id='word_1_249' title='bbox 1166 2451 1265 2505; x_wconf 84' lang='grc' dir='ltr'>ξένοι</span> <span class='ocrx_word' id='word_1_250' title='bbox 1328 2452 1506 2505; x_wconf 88' lang='grc' dir='ltr'>λέγονται</span> <span class='ocrx_word' id='word_1_251' title='bbox 1570 2451 1602 2491; x_wconf 80' lang='grc' dir='ltr'>οἱ</span> <span class='ocrx_word' id='word_1_252' title='bbox 1657 2449 1699 2502; x_wconf 83' lang='grc' dir='ltr'>ἐξ</span> <span class='ocrx_word' id='word_1_253' title='bbox 1753 2449 1894 2506; x_wconf 86' lang='grc' dir='ltr'>έτέρας</span> <span class='ocrx_word' id='word_1_254' title='bbox 1946 2450 2013 2488; x_wconf 86' lang='grc' dir='ltr'>πό-</span> 
     </span>
    </p>
   </div>
   <div class='ocr_carea' id='block_1_25' title="bbox 1164 2522 1866 2579">
    <p class='ocr_par' dir='ltr' id='par_1_26' title="bbox 1164 2522 1866 2579">
     <span class='ocr_line' id='line_1_55' title="bbox 1164 2522 1866 2579; baseline -0.003 -15"><span class='ocrx_word' id='word_1_255' title='bbox 1164 2525 1274 2570; x_wconf 91' lang='grc' dir='ltr'>λεως</span> <span class='ocrx_word' id='word_1_256' title='bbox 1307 2524 1366 2570; x_wconf 88' lang='grc' dir='ltr'>εἰς</span> <span class='ocrx_word' id='word_1_257' title='bbox 1400 2522 1541 2579; x_wconf 80' lang='grc' dir='ltr'>ἑτέρας</span> <span class='ocrx_word' id='word_1_258' title='bbox 1574 2522 1866 2575; x_wconf 76' lang='grc' dir='ltr'>ἐπιδημοῦντες.</span> 
     </span>
    </p>
   </div>
   <div class='ocr_carea' id='block_1_26' title="bbox 1767 2661 1788 2684">
    <p class='ocr_par' dir='ltr' id='par_1_27' title="bbox 1767 2661 1788 2684">
     <span class='ocr_line' id='line_1_56' title="bbox 1767 2661 1788 2684; baseline 0 -11"><span class='ocrx_word' id='word_1_259' title='bbox 1767 2661 1788 2684; x_wconf 41' lang='grc' dir='ltr'>ἶ,</span> 
     </span>
    </p>
   </div>
   <div class='ocr_carea' id='block_1_27' title="bbox 1167 2661 2018 2790">
    <p class='ocr_par' dir='ltr' id='par_1_28' title="bbox 1167 2661 2018 2790">
     <span class='ocr_line' id='line_1_57' title="bbox 1167 2661 2015 2715; baseline -0.005 -10"><span class='ocrx_word' id='word_1_260' title='bbox 1167 2667 1276 2712; x_wconf 83' lang='grc' dir='ltr'>ἰδίως</span> <span class='ocrx_word' id='word_1_261' title='bbox 1337 2665 1377 2705; x_wconf 81' lang='grc' dir='ltr'>δε</span> <span class='ocrx_word' id='word_1_262' title='bbox 1439 2665 1551 2704; x_wconf 83' lang='grc' dir='ltr'>πάλιν</span> <span class='ocrx_word' id='word_1_263' title='bbox 1604 2664 1711 2710; x_wconf 76' lang='grc' dir='ltr'>τινος</span> <span class='ocrx_word' id='word_1_264' title='bbox 1767 2665 1880 2715; x_wconf 60' lang='grc' dir='ltr'>ξένοι,</span> <span class='ocrx_word' id='word_1_265' title='bbox 1944 2661 2015 2708; x_wconf 74' lang='grc' dir='ltr'>οὓς</span> 
     </span>
     <span class='ocr_line' id='line_1_58' title="bbox 1169 2732 2018 2790; baseline -0.007 -13"><span class='ocrx_word' id='word_1_266' title='bbox 1169 2738 1207 2778; x_wconf 85' lang='grc' dir='ltr'>έν</span> <span class='ocrx_word' id='word_1_267' title='bbox 1271 2736 1321 2790; x_wconf 79' lang='grc' dir='ltr'>τῄ</span> <span class='ocrx_word' id='word_1_268' title='bbox 1380 2737 1452 2789; x_wconf 81' lang='grc' dir='ltr'>ἰδίᾳ</span> <span class='ocrx_word' id='word_1_269' title='bbox 1516 2750 1578 2782; x_wconf 88' lang='grc' dir='ltr'>τις</span> <span class='ocrx_word' id='word_1_270' title='bbox 1641 2732 1851 2786; x_wconf 77' lang='grc' dir='ltr'>ὑπεδέξατο</span> <span class='ocrx_word' id='word_1_271' title='bbox 1919 2733 2018 2786; x_wconf 81' lang='grc' dir='ltr'>οἰκίᾳ</span> 
     </span>
    </p>
   </div>
   <div class='ocr_carea' id='block_1_28' title="bbox 1170 2804 1847 2862">
    <p class='ocr_par' dir='ltr' id='par_1_29' title="bbox 1170 2804 1847 2862">
     <span class='ocr_line' id='line_1_59' title="bbox 1170 2804 1847 2862; baseline -0.003 -14"><span class='ocrx_word' id='word_1_272' title='bbox 1170 2808 1228 2849; x_wconf 75' lang='grc' dir='ltr'>καὶ</span> <span class='ocrx_word' id='word_1_273' title='bbox 1263 2804 1552 2862; x_wconf 81' lang='grc' dir='ltr'>συγκατέπραξε</span> <span class='ocrx_word' id='word_1_274' title='bbox 1586 2807 1634 2846; x_wconf 87' lang='grc' dir='ltr'>τά</span> <span class='ocrx_word' id='word_1_275' title='bbox 1665 2807 1847 2862; x_wconf 80' lang='grc' dir='ltr'>χρήσιμα.</span> 
     </span>
    </p>
   </div>
  </div>
 </body>
</html>
