2080 3392
919 368 1207 411 —54-

286 489 356 528 ἀπὸ
375 494 452 542 τῆς
473 487 692 541 βασιλείας·
728 489 890 540 νικήσας
914 485 953 525 δέ
987 484 1290 540 αὐτὸνοΚῦρος
1325 485 1524 540 ἠθέλησεν
1558 485 1673 525 αὐτὸν
1706 490 1843 526 καῦσαι

284 559 343 598 καὶ
377 560 474 611 μετά
506 563 628 598 ταῦτα
661 558 834 612 ἐλεήσας
867 558 1022 597 ἔσωῦεν.
1059 568 1102 592 ἢ.)
1148 554 1324 597 Herod.
1359 554 1387 604 I,
1417 555 1487 598 86.

405 627 512 670 Uni
548 627 675 670 viro
714 626 865 668 omnia
908 625 1081 668 scholia
1115 640 1170 668 ex
1203 625 1442 668 Herodoto
1478 626 1751 683 deprompta
1783 634 1842 668 at-

283 698 524 741 tribuenda
549 713 616 740 no
634 713 658 739 n
687 705 804 742 sunt.
869 697 1008 751 Quod
1039 696 1123 739 iam
1148 697 1332 739 duobus
1357 696 1437 739 illis
1461 697 1659 748 scholiis,
1694 696 1839 740 eidem

282 770 384 811 loco
419 768 652 825 appositis,
688 769 909 825 probatur
942 767 1099 821 (schol.
1136 767 1316 823 Dialog.
1352 781 1462 811 mar.
1500 767 1552 819 V,
1592 782 1633 818 1,
1670 782 1711 824 p.
1741 767 1840 824 265,

281 841 338 883 26
371 848 414 882 et
448 855 488 897 p.
523 840 622 891 266,
656 846 712 896 5).
779 839 1041 881 Arethae
1086 853 1167 881 sex
1208 838 1381 881 scholia
1416 838 1612 884 vindico.
1656 839 1737 881 sed
1785 853 1841 881 ne

282 910 453 966 reliqua
500 910 680 967 quidem
726 910 782 952 ab
829 910 992 952 eodem
1037 909 1280 952 scholiasta
1323 909 1494 966 scripta
1526 917 1656 961 sunt;
1701 924 1840 952 unum

279 981 446 1038 legitur
489 981 530 1024 in
576 980 732 1024 codice
774 980 829 1022 Γ2
869 981 1028 1036 (schol,
1065 979 1170 1023 Ver.
1217 981 1316 1023 hist.
1359 979 1388 1031 l,
1433 995 1507 1037 23;
1561 996 1600 1037 p,
1639 996 1709 1032 20,
1757 991 1839 1038 13).

280 1052 487 1096 Debetur
520 1051 656 1109 igitur
690 1052 1062 1107 Alexandro,
1098 1052 1317 1109 episcopo
1354 1051 1568 1095 Nicaeae.

397 1124 553 1170 Schol.
587 1123 793 1181 Tim.30;
828 1138 869 1180 p.
888 1124 981 1175 116,
1006 1139 1046 1180 4,
1082 1138 1174 1180 quo
1199 1124 1300 1166 loco
1327 1123 1384 1165 de
1410 1122 1447 1166 C
1466 1123 1557 1166 leo
1576 1138 1641 1166 ne
1674 1123 1838 1180 agitur,

278 1194 394 1238 inter
426 1194 538 1238 alios
570 1195 821 1252 scriptores
853 1194 1241 1250 Thucydides
1275 1194 1487 1246 affertur;
1534 1195 1617 1237 sed
1650 1194 1840 1238 scholia-

278 1274 392 1309 stam
442 1281 543 1309 non
577 1265 984 1322 Thucydidem
1028 1266 1211 1323 ipsum
1248 1265 1517 1322 inspexisse,
1567 1267 1648 1309 sed
1698 1274 1839 1310 totam

278 1338 482 1394 glossam
502 1338 636 1380 docte
656 1337 957 1395 compositam
978 1337 1158 1380 aliunde
1177 1337 1408 1394 recepisse
1429 1336 1655 1380 existimo.
1707 1337 1839 1381 Prae-

277 1417 402 1452 terea
446 1424 539 1452 uno
585 1409 671 1452 alio
720 1410 820 1452 loco
869 1408 1170 1465 Thucydides
1223 1416 1638 1451 commemoratur:
1694 1408 1837 1455 schol.

276 1480 432 1526 Pasas,
465 1495 547 1537 34;
581 1495 622 1537 p.
664 1495 756 1537 159.
790 1494 846 1522 20
880 1479 956 1536 (de
991 1478 1147 1522 Niciae
1183 1479 1352 1529 Clade):
1386 1483 1440 1535 ἧς
1475 1482 1668 1535 μέμνηται
1694 1480 1838 1521 Θουκυ-

274 1553 472 1606 δίδης...
507 1552 577 1608 (cf.
614 1550 707 1601 VII,
741 1565 794 1608 51
831 1554 932 1608 sq).

394 1622 548 1668 Schol.
584 1622 773 1668 lcarom,
800 1637 874 1679 15;
910 1638 951 1679 p.
976 1637 1066 1678 104,
1100 1622 1129 1664 8
1156 1623 1451 1679 Λυσιμάχῳ]
1478 1622 1535 1664 de
1554 1621 1837 1678 Lysimacho

274 1693 547 1749 Agathoclis
580 1693 654 1736 filii
688 1694 976 1736 interfectore
1010 1693 1230 1749 legimus:
1272 1698 1287 1732 ὁ
1317 1694 1544 1751 Λυσίμαχος
1582 1697 1640 1742 εἷς
1673 1695 1720 1749 ἦν
1759 1699 1837 1734 τῶν

269 1764 538 1823 Ἀλεξάνδρου
571 1767 770 1822 διαδόχων,
805 1767 923 1813 οὗτος
951 1764 1192 1819 Ἀγαθοκλέα
1226 1767 1291 1806 τὸν
1332 1766 1409 1806 υἱὸν
1451 1767 1717 1820 διαβληθέντα
1760 1766 1837 1806 ἐπι-

274 1837 469 1891 βουλεύειν
513 1838 618 1893 αὐτῷ
662 1840 891 1882 ἀπέκτεινεν,
931 1851 971 1874 Ὃ
1018 1835 1196 1881 Strab.
1232 1835 1353 1885 XllI,
1405 1836 1443 1880 C
1475 1839 1582 1892 623:
1628 1838 1653 1892 ἦ
1688 1836 1756 1890 μέν
1789 1837 1835 1892 δὴ

272 1909 315 1948 τὸ
349 1908 554 1965 Πέργαμον
587 1909 809 1965 Λυσιμάχου
855 1910 1145 1965 γαζοφυλάκιον
1189 1914 1256 1949 τοῦ
1294 1907 1583 1962 Ἀγαθοκλέους,
1626 1909 1716 1956 ἑνὸς
1757 1913 1836 1949 τῶν

266 1978 523 2036 Ἀλεξάνδρου
566 1981 754 2036 διαδόχων
774 2013 930 2025 ,,,,,,
943 2015 951 2034 ,
989 1982 1008 2020 ὅ
1041 1995 1083 2020 τε
1125 1981 1195 2037 γάρ
1228 1980 1458 2037 Λυσίμαχος
1500 1985 1637 2027 κακοῖς
1680 1981 1835 2028 οἰκείοις

271 2050 482 2107 περιπεσὼν
504 2053 734 2106 ἠναγκάσθη
759 2052 823 2091 τὸν
848 2052 924 2091 υἱὸν
948 2053 1097 2092 ἀνελεῖν
1114 2049 1369 2105 Ἀγαθοκλέα,
1434 2050 1529 2095 Sed
1556 2050 1832 2094 Strabonem

272 2121 440 2164 fontem
468 2120 613 2165 fuisse
647 2121 780 2165 huius
813 2121 973 2165 scholii
1006 2122 1229 2165 incertum
1264 2136 1368 2164 esse
1402 2121 1622 2165 concedo.

390 2193 601 2250 Denique
627 2193 692 2236 Di
709 2194 775 2236 od
792 2207 931 2236 orus
955 2202 1138 2250 praeter
1155 2193 1297 2236 schol.
1320 2192 1501 2249 Dialog.
1522 2191 1766 2243 meretr.V,
1785 2207 1833 2248 4;

270 2278 312 2321 p.
346 2278 444 2320 277,
485 2264 537 2306 18
569 2265 627 2321 (p.
662 2265 733 2320 48)
767 2272 1017 2321 usurpatus
1051 2279 1156 2308 esse
1191 2263 1372 2306 videtur
1404 2264 1548 2307 schol.
1587 2263 1681 2309 Iov.
1715 2271 1832 2318 trag.

270 2350 348 2386 20;
384 2350 424 2392 p.
444 2336 515 2390 64,
537 2350 578 2392 4.
643 2335 850 2379 Croesus
879 2346 1039 2379 contra
1061 2335 1236 2393 Cyrum
1268 2335 1558 2391 profecturus
1592 2335 1830 2377 oraculum

271 2405 543 2463 Delphicum
568 2407 772 2452 consulit.
837 2406 1081 2450 Herodoto
1106 2406 1153 2463 (l,
1177 2407 1249 2464 53)
1271 2405 1478 2449 scholion
1506 2420 1595 2448 non
1620 2405 1830 2456 debetur,

271 2478 386 2520 bene
411 2487 559 2521 autem
586 2479 779 2534 quadrat
812 2493 1087 2536 responsum
1112 2477 1350 2535 Apollinis,
1386 2491 1525 2520 versu
1559 2477 1830 2519 hexametro

271 2549 439 2600 datum,
485 2548 621 2594 Diod.
657 2548 735 2599 IX,
778 2554 874 2606 34¹:
924 2549 1094 2607 Κροῖσος
1129 2547 1260 2590 εἈλυν
1302 2549 1442 2603 διαβάς
1485 2550 1660 2603 μεγάλην
1705 2548 1830 2605 ἀρχὴν

268 2622 488 2665 καταλύσει.
552 2619 856 2664 Scholiastam
900 2635 996 2662 rem
1030 2619 1073 2662 in
1108 2619 1316 2662 oratione
1350 2619 1535 2676 obliqua
1568 2626 1828 2661 narrantem

271 2705 454 2733 versum
498 2690 618 2733 illum
661 2690 702 2734 in
748 2699 898 2734 mente
945 2691 1161 2734 habuisse
1202 2689 1329 2734 facile
1369 2704 1632 2747 cognoscas
1668 2688 1736 2732 his
1773 2703 1829 2732 ex

268 2761 422 2804 verbis
461 2765 725 2819 ,,ἀπεκρίνατο,
762 2764 817 2803 ὅτι
849 2763 990 2816 διαβάς
1023 2764 1197 2817 μεγάλην
1232 2762 1638 2819 ἀρχὴν-καταλύσειβ

387 2832 631 2876 Praeterea
664 2832 905 2875 laudantur
933 2832 1287 2890 Xenophon:
1322 2832 1464 2877 schol.
1486 2831 1667 2886 Dialog.
1686 2838 1826 2874 mort.

267 2902 368 2955 XII,
404 2919 452 2955 2;
487 2918 641 2961 p.257,
676 2919 723 2946 2:
758 2906 907 2945 τούτων
943 2908 1131 2959 μέμνηται
1164 2905 1203 2945 ἐν
1236 2910 1326 2951 ταῖς
1354 2902 1594 2958 Ἀναβάσεσι
1625 2902 1826 2959 Ξενοφῶν.
