2080 3392
976 338 1264 379 „14-

345 452 485 495 schol.
506 451 694 493 llesiod.
715 466 762 501 2;
799 466 837 507 p.
858 466 956 507 239,
988 452 1048 494 18.
1486 454 1614 497 l’hot.

345 536 543 591 φθόνου]
579 537 729 590 φθόνος
763 538 891 582 πάθης
918 536 1049 590 λύπης
1401 540 1571 593 φθόνος
1606 540 1737 586 πάθος
1769 541 1902 594 λύπης

344 607 400 646 ἐπὶ
449 604 498 659 τῇ
548 611 623 645 τῶν
671 607 798 653 πέλας
851 607 1046 663 εὐπραγίᾳ.
1194 608 1251 648 ἐπὶ
1300 610 1348 663 τῇ
1401 614 1478 648 τῶν
1526 610 1652 657 πέλατ
1706 612 1900 667 εὐπραγίᾳ,

343 676 412 731 (cf.
447 675 588 728 Sunt,
624 676 709 718 lex,
746 676 944 728 Badium,
979 677 1045 720 Et.
1081 677 1236 734 Magn.
1273 693 1370 735 793,
1411 680 1494 732 16.)

462 747 507 789 ln
544 748 681 789 rebus
715 747 771 789 ad
805 747 948 790 lexica
984 748 1314 805 pertinentibus
1347 764 1525 793 summa
1555 765 1655 793 cum
1693 751 1901 795 cautione

342 818 571 873 agendum
608 833 710 861 esse
745 833 879 861 nenio
916 820 1069 871 nescit,
1122 819 1195 877 qui
1231 820 1271 862 in
1307 821 1375 863 his
1411 822 1549 864 rebus
1584 824 1794 878 quamvis
1829 823 1899 866 mi-

343 889 459 931 nime
480 897 689 932 versatus
723 890 791 934 sit.
856 890 905 934 Si
941 890 1127 947 glossae
1151 906 1251 934 cum
1278 891 1422 935 lexico
1448 892 1598 950 aliquo
1624 902 1899 950 congruunt,

341 974 418 1002 eas
461 974 516 1002 ex
560 960 646 1003 hoc
680 960 826 1003 lexico
861 970 1070 1019 sumptas
1104 976 1209 1005 esse
1243 971 1445 1006 statuere
1480 979 1569 1007 non
1605 964 1717 1008 licet.
1784 965 1898 1008 Nam

341 1045 440 1073 cum
485 1031 587 1074 talia
630 1031 773 1075 lexica
816 1047 1041 1090 persaepe
1086 1034 1310 1077 artissime
1357 1034 1472 1077 inter
1514 1050 1563 1078 se
1611 1035 1900 1088 cohaereant,

341 1116 429 1144 non
465 1103 612 1145 solum
647 1103 823 1146 lexicon
859 1103 1022 1161 ipsum,
1069 1105 1152 1147 sed
1187 1105 1317 1148 etiam
1353 1121 1407 1148 ea
1440 1107 1608 1158 lexica,‘
1629 1122 1747 1164 quae
1781 1108 1900 1151 adhi—

340 1174 433 1216 buit
466 1173 824 1232 lexicographus
858 1176 927 1218 ille
961 1184 1004 1219 et
1028 1176 1175 1219 fontes
1211 1177 1411 1229 omnino,
1445 1193 1501 1221 ex
1537 1179 1703 1234 quibus
1737 1179 1898 1228 hausit.

339 1245 503 1302 ecquid
529 1245 567 1288 in
594 1261 728 1289 usum
762 1246 849 1289 sint
886 1256 1048 1291 vocata
1082 1248 1384 1291 examinanda
1418 1259 1536 1293 sunt.
1600 1249 1758 1306 Itaque
1793 1265 1896 1293 num
1935 1258 1937 1260 '

338 1316 533 1359 Photii
581 1317 817 1360 lexicon
868 1319 1074 1376 ipsum,
1125 1320 1257 1377 quale
1302 1330 1535 1363 servatum
1581 1330 1649 1364 est
1693 1321 1900 1365 codice

339 1387 518 1431 Galea
535 1404 626 1440 no,
651 1398 918 1447 usurpatum
944 1391 1001 1434 sit
1025 1392 1353 1447 quaerendum.
1420 1392 1598 1436 Mireris
1621 1408 1746 1447 sane,
1773 1394 1897 1450 quod

338 1474 495 1503 eorum
522 1461 815 1513 scholiorum,
851 1477 968 1519 quae
995 1463 1272 1506 conveniunt
1297 1452 1587 1520 cum—glossis
1612 1464 1769 1515 Photii,
1803 1479 1898 1522 per-

339 1546 483 1588 pauca
516 1532 556 1574 in
593 1547 683 1575 uno
704 1533 868 1576 Photio
902 1534 1207 1577 inveniuntur.
1254 1535 1417 1578 Paucis
1451 1537 1654 1593 exceptis
1688 1535 1820 1579 etiam
1858 1536 1897 1579 in

337 1601 513 1646 Suida
557 1603 772 1656 leguntur
814 1613 857 1647 et
902 1605 941 1647 in
977 1605 1196 1658 lexico,
1230 1607 1353 1663 quod
1390 1606 1551 1649 (licitur
1586 1606 1898 1650 Bachman-

339 1673 523 1720 niano.
588 1674 658 1717 De
692 1675 880 1728 ratione,
917 1690 1035 1732 quae
1068 1676 1307 1720 intercedit
1338 1677 1452 1720 inter
1477 1677 1686 1728 Photium
1719 1686 1763 1721 et
1786 1679 1897 1721 haec

337 1744 481 1788 lexica
513 1746 717 1789 breviter
750 1747 909 1793 dicam.

455 1816 604 1860 Photii
640 1825 683 1860 et
706 1817 877 1861 Suidae
911 1819 1054 1862 lexica
1089 1827 1176 1862 tam
1214 1829 1309 1863 arte
1343 1820 1571 1864 affinitatis
1598 1821 1747 1864 vinclo
1782 1821 1899 1886 [DEI

336 1901 386 1930 se
421 1887 661 1931 coniuncta
707 1897 825 1941 sunt,
869 1898 917 1933 ut
962 1891 1162 1933 nondum
1200 1891 1332 1948 plane
1367 1892 1657 1935 diiudicatum
1693 1893 1750 1936 sit
1783 1893 1898 1936 inter

337 1958 463 2002 viros
497 1948 675 2011 doctos,
720 1969 870 2004 utrum
906 1961 1074 2006 Suidas
1109 1962 1256 2006 Photii
1291 1963 1435 2006 lexico
1470 1963 1569 2021 ipso
1603 1969 1680 2018 (sc.
1716 1964 1799 2007 alia
1833 1979 1897 2007 re-

336 2030 569 2086 censione)
603 2046 714 2074 usus
745 2031 813 2083 sit,
846 2048 899 2074 an
937 2041 1129 2090 uterque
1165 2033 1322 2076 iisdem
1359 2049 1413 2077 ex
1444 2034 1644 2078 fontibus
1678 2035 1895 2086 hauserit,

337 2116 612 2158 quamquam
639 2102 743 2145 mihi
769 2104 964 2160 quidem,
998 2112 1046 2147 ut
1069 2105 1341 2148 sententiam
1372 2105 1673 2163 posteriorem
1710 2121 1895 2167 sequar,

336 2172 622 2229 Boysen1),
670 2174 999 2231 Wentzel‘l),
1044 2175 1504 2233 Reitzenstein²³)
1550 2186 1894 2235 persuaserunt.

456 2245 502 2287 In
537 2245 682 2288 lexico
718 2245 901 2292 Bachrn.
937 2261 1011 2290 res
1046 2248 1270 2302 valde-im
1290 2248 1381 2291 >edi
1405 2263 1430 2291 a
1464 2248 1791 2305 (Reitzenstein
1812 2249 1836 2295 l.
1858 2264 1894 2295 e.

335 2331 376 2373 p.
402 2330 454 2372 19
476 2318 606 2374 sqq).
673 2317 824 2366 Lexici
846 2298 1348 2376 Bachxmffivaxorfflz
1381 2319 1531 2373 λέξεων
1554 2323 1755 2378 χρησίμην
1774 2321 1895 2376 (cod.

456 2412 480 2457 ¹)
508 2413 553 2448 K.
582 2413 795 2459 Boysen,
838 2414 892 2448 De
933 2414 1254 2460 Harpocrationis
1291 2415 1403 2450 lexici
1443 2416 1532 2451 font.
1574 2422 1711 2461 quaest
1762 2416 1892 2452 select.

334 2472 419 2506 Kiel
449 2474 558 2519 1876;
586 2485 621 2519 p.
649 2475 695 2518 36
721 2484 805 2518 sqq.

454 2532 479 2569 ²)
509 2533 551 2567 G.
581 2532 824 2576 Wentzel,
864 2532 1046 2578 Beitrage
1082 2545 1150 2569 zur
1177 2534 1316 2569 Gesch.
1353 2536 1422 2569 der
1450 2534 1660 2580 Lexikogr.
1713 2535 1829 2569 Sitzb.
1858 2536 1892 2570 d.

334 2592 433 2626 Berl.
460 2591 586 2627 Akad.
616 2593 726 2637 1895;
754 2604 788 2637 p.
818 2593 895 2638 780.

455 2650 481 2695 ³)
510 2651 554 2686 R.
582 2651 950 2696 Reitzenstein,
991 2652 1067 2687 Der
1093 2652 1250 2699 Anfang
1276 2655 1310 2689 d.
1341 2654 1432 2688 Lex.
1462 2653 1682 2689 d.Ph0tius.
1735 2653 1894 2699 Leipzig

334 2722 366 2745 u.
397 2710 523 2745 Berlin
556 2722 655 2756 1907,
683 2723 717 2756 p.
745 2713 896 2756 31—46.

450 2770 480 2813 ⁴)
506 2770 537 2804 N
554 2771 609 2805 ab
623 2782 673 2804 er
689 2770 759 2805 hoc
775 2771 925 2805 lexicon
945 2771 1033 2805 nihil
1055 2783 1141 2805 esse
1162 2783 1325 2805 censens
1346 2779 1502 2817 praeter
1521 2779 1707 2818 excerpta
1728 2784 1747 2806 e
1767 2772 1891 2807 lexico

331 2828 457 2863 Photii
496 2830 669 2875 exceptis
701 2830 892 2864 nonnullis
924 2830 1062 2875 glossis
1090 2830 1329 2875 interpolatis
1357 2832 1464 2872 (edit.
1494 2831 1614 2875 praef.
1643 2844 1677 2877 p.
1710 2833 1787 2876 127)
1814 2831 1890 2866 iam

332 2887 394 2922 (liu
422 2901 442 2922 a
471 2889 563 2923 viris
590 2889 713 2923 doctis
740 2890 928 2924 refutatus
956 2895 1025 2924 est.
