2080 3392
1012 322 1294 363 „23—

376 457 491 490 sunt.
557 448 755 491 Glossae
802 449 856 490 acl
903 450 1091 492 verbum
1137 460 1398 507 congruunt
1440 466 1587 508 usque
1631 453 1686 495 ad
1732 452 1927 506 finem¹).

378 519 480 562 Uno
515 529 635 562 certe
671 521 755 562 hoc
790 521 891 562 loco
916 520 1321 577 Etymologum
1356 523 1544 566 libros
1578 523 1818 566 Luciani
1852 523 1927 566 in-

376 591 647 646 spexisse
702 600 753 633 et
808 591 1029 634 scholia
1083 593 1340 650 ascripta
1389 594 1697 651 recepisse
1746 595 1928 638 demon-

375 670 556 705 stratur.
623 661 790 704 Multae
817 661 929 704 aliae
963 663 1159 718 glossae,
1195 663 1230 707 si
1265 664 1435 707 scholia
1471 680 1793 722 comparamus
1826 681 1925 709 cum

374 731 711 789 fflymologico,
764 734 1054 780 conveniunt.
1120 734 1251 788 Quae
1295 751 1394 778 cum
1441 736 1497 779 ita
1542 737 1641 787 sint,
1685 737 1929 781 coniecerit

375 803 571 846 fortasse
614 804 837 861 quispiam
882 805 1031 848 omnia
1070 805 1182 849 haec
1216 807 1387 850 scholia
1430 822 1455 850 a
1496 808 1821 866 lexicographo
1866 823 1928 852 re-

374 883 505 932 cepta
539 890 655 920 esse.
720 875 814 919 Sed
850 891 942 919 rem
979 876 1038 919 ita
1071 892 1121 921 se
1155 878 1325 921 habere
1354 879 1664 922 necessarium
1702 895 1790 923 non
1827 895 1928 924 esse

372 945 457 988 iam
504 946 608 988 inde
642 955 842 1003 apparet,
888 948 1010 1003 quod
1054 948 1227 991 scholia
1260 964 1349 992 non
1385 950 1440 993 ab
1477 965 1567 992 uno
1602 950 1797 1003 homine,
1844 951 1926 995 sed

373 1016 568 1060 diversis
602 1018 887 1074 temporibus
922 1019 1089 1075 scripta
1123 1029 1251 1073 sunt;
1297 1020 1434 1064 immo
1482 1021 1594 1064 falso
1643 1021 1747 1065 illud
1785 1021 1929 1066 conici

373 1096 415 1130 et
448 1089 687 1144 glossis
721 1090 929 1146 potius
957 1090 1257 1148 Et.Magni
1293 1094 1482 1135 verba
1507 1092 1763 1136 Luciani
1797 1093 1929 1136 illu-

371 1167 571 1202 strata
612 1175 753 1204 esse
797 1161 881 1203 iam
927 1162 1310 1206 demonstremus.
1377 1163 1516 1218 Quod
1560 1172 1605 1206 ut
1639 1163 1928 1221 perficiamus

373 1230 413 1272 in
432 1230 612 1286 singula
630 1231 803 1274 scholia
823 1232 1051 1288 inquirere
1071 1249 1187 1291 opus
1207 1243 1289 1277 est.
1355 1235 1554 1278 Primum
1577 1235 1764 1278 afferam
1785 1236 1938 1282 schol.-

375 1300 522 1344 Conv.
557 1304 608 1354 8;
644 1318 684 1360 p.
719 1318 789 1360 30,
824 1318 901 1346 20:

649 1410 803 1454 Schol.
1329 1413 1394 1457 Et.
1430 1413 1583 1470 Magn.
1617 1428 1717 1471 520,
1752 1414 1820 1456 26.

372 1494 614 1550 κλιντῆρα]
658 1496 817 1550 κλιντὴρ
863 1497 965 1543 εἶδος
1009 1512 1077 1552 φο·
1222 1498 1451 1554 κλιντῆρεςῐ
1516 1498 1618 1544 εἶδος
1680 1513 1749 1553 φο-

374 1566 474 1620 ρείου
508 1566 532 1619 ἢ
578 1566 752 1606 κλινίδιον
796 1568 884 1622 ἔχων
924 1569 1077 1607 ἀνακλί-
1223 1570 1323 1625 (jz-[ou
1356 1570 1380 1623 ἢ
1425 1569 1600 1609 κλινίδιον
1645 1570 1733 1624 ἕχον
1775 1569 1929 1609 ἀνακλί-

374 1650 468 1682 σεις,
504 1638 579 1676 οἷον
603 1641 667 1675 νῦν
690 1637 732 1677 τὸ
757 1638 1075 1695 κλινοκαθέδριον,
1224 1655 1318 1693 seiz,
1353 1642 1429 1679 οἷον
1453 1640 1495 1680 τὸ
1519 1645 1582 1679 νῦν
1607 1640 1927 1697 κλινοκαθέόριον.

490 1717 620 1761 Hanc
662 1719 865 1775 glossam
912 1735 1003 1763 non
1037 1736 1060 1764 e
1094 1721 1277 1764 scholiis
1319 1730 1547 1779 receptam
1584 1736 1686 1765 esse
1721 1730 1926 1779 apertum

371 1796 461 1839 est;
498 1804 599 1832 narn
625 1789 945 1845 Etymologus,
981 1791 1016 1835 si
1041 1792 1300 1836 inveniebat
1322 1792 1364 1836 in
1400 1793 1583 1836 scholiis
1618 1793 1925 1836 accusativum

371 1861 570 1917 κλιντῆρα,
618 1876 707 1917 qua
750 1862 806 1905 de
851 1877 990 1906 causa
1024 1863 1352 1906 nominativum
1388 1863 1572 1921 pluralis
1605 1863 1836 1921 scripserit
1870 1863 1927 1907 in-

371 1931 521 1987 tellegi
564 1931 640 1974 vix
684 1941 847 1990 potest.
915 1934 1087 1977 Contra
1131 1935 1336 1978 scholion
1378 1950 1433 1978 ex
1468 1934 1789 1991 Etymologico
1826 1936 1928 1977 hau-

371 2011 488 2044 stum
534 2018 636 2046 esse
679 2004 784 2046 nihil
828 2014 908 2055 est,
953 2020 1032 2048 cur
1077 2021 1167 2048 non
1202 2014 1470 2049 statuamus.
1535 2005 1648 2048 Aliis
1682 2005 1723 2048 in
1759 2005 1928 2062 glossis

371 2072 519 2129 Etym.
540 2075 670 2131 plura
694 2076 884 2132 praebet
919 2090 1052 2132 quam
1088 2077 1284 2128 scholia;
1319 2092 1356 2120 e.
1383 2092 1450 2130 gr.
1476 2077 1618 2122 schol.
1639 2076 1782 2123 Musc.
1807 2077 1928 2120 laud.

375 2160 449 2196 10;
485 2160 526 2202 p.
565 2161 629 2196 11,
669 2161 720 2189 12
755 2147 964 2191 conferas
999 2163 1099 2191 cum
1135 2148 1203 2192 Et.
1239 2149 1392 2205 Magn.
1426 2163 1527 2205 371,
1568 2163 1608 2190 1:

647 2254 802 2298 Schol.
1445 2255 1511 2301 Et.
1547 2255 1702 2311 Magn.

371 2337 706 2393 ἐρεσχελοῦσα]
742 2341 880 2392 γίνεται
904 2340 975 2379 ἀπὸ
1009 2345 1076 2379 τοῦ
1222 2340 1423 2396 ἐρεσχελία
1445 2342 1469 2395 ἡ
1495 2341 1665 2396 φλυαρία
1691 2341 1802 2395 παραζ
1815 2340 1858 2379 τὸ
1892 2340 1928 2380 ἐ-

371 2408 461 2464 ἐρᾶν
494 2410 553 2448 καὶ
581 2414 647 2448 τοῦ
670 2410 839 2466 λέσχης.
874 2411 1077 2467 ἐρεσχελία
1222 2427 1275 2467 ριν
1295 2413 1333 2451 ἐν
1353 2417 1437 2458 τοῖς
1455 2412 1622 2468 χείλεσιν
1641 2412 1753 2466 ἔχειν.
1774 2411 1928 2467 ἐρεσχε-

370 2479 411 2519 ῧὲ
454 2481 477 2534 ἡ
528 2481 710 2536 φλυαρία,
758 2482 860 2537 παρα
907 2482 949 2521 τὸ
999 2483 1076 2538 ἐριν
1220 2483 1300 2522 λεῖν
1346 2485 1520 2537 σημαίνει
1565 2482 1607 2521 τὸ
1657 2484 1806 2521 ἀπατᾶν
1855 2482 1926 2521 ἀπὸ

371 2551 410 2590 ἐν
443 2556 528 2598 τοῖς
560 2553 725 2607 χείλεῦιν
760 2553 870 2608 ἔχειν,
1223 2558 1290 2593 τοῦ
1324 2554 1413 2609 ἐρᾶν
1446 2554 1506 2593 καί
1530 2559 1607 2608 τῆς
1632 2553 1798 2608 λέῦχης.
1828 2551 1926 2592 πολὺ

1223 2625 1325 2680 παρα
1347 2623 1531 2664 Πλάτωνι
1557 2628 1613 2679 τῷ
1644 2624 1844 2680 φιλοσόφῳ
1867 2625 1928 2664 καί

1223 2693 1310 2751 παρ’
1338 2693 1478 2740 'lunam

494 2822 519 2862 ¹)
549 2822 660 2865 Quod
688 2824 850 2869 legimus
874 2824 911 2858 in
930 2825 1048 2859 schol.
1076 2823 1095 2857 ἃ
1124 2824 1243 2870 γόνδην
1270 2823 1489 2870 Παφλαγόνες
1515 2824 1620 2871 φασίν,
1650 2824 1687 2859 in
1714 2825 1770 2859 Et.
1798 2824 1926 2870 Magn.

371 2879 391 2913 ἃ
420 2879 527 2928 ἷόνῑην
554 2881 773 2929 Παφλαγόνες
799 2882 949 2916 καλοῦσιν
976 2883 1066 2918 nihil
1093 2884 1263 2918 interest.
