2080 3392
748 369 1035 410 -47.„

117 485 309 528 candum
353 499 456 527 esse
501 492 609 541 puto
652 483 722 539 (cf4
758 483 787 534 Ι,
830 487 902 540 7¹),
953 483 1080 526 cuius
1123 483 1316 527 fabulam
1361 483 1517 528 Schol.
1562 499 1664 527 con-

117 555 262 601 traxit.
327 554 495 599 Similia
539 554 670 598 etiam
707 554 943 597 Diodorus
987 554 1120 598 tradit
1160 554 1233 606 IV,
1272 558 1367 611 15²,
1410 555 1490 598 sed
1537 555 1666 599 nimis

117 626 327 672 breviter.
394 626 588 669 Caucasi
624 625 787 668 montis
822 625 1096 668 mentionem
1132 625 1317 669 omnino
1353 641 1438 668 non
1476 626 1590 670 facit.

233 697 371 752 Quod
416 697 556 739 schol.
592 696 741 740 ConV.
781 711 857 753 14;
908 711 949 753 p.
982 711 1050 753 31,
1091 711 1139 753 17
1192 696 1385 752 legimus
1420 697 1665 740 Herculem

115 783 140 810 a
174 768 316 810 Pholo
360 767 593 811 Centauro
640 767 836 824 hospitio
871 776 1103 824 receptum
1151 782 1268 819 esse,
1315 776 1358 810 et
1391 769 1446 810 ab
1482 769 1666 825 Apollo-

115 840 228 882 doro
250 839 298 894 Π,
331 841 377 896 5⁴
411 848 454 882 et
488 855 511 881 a
537 839 743 882 Diodoro
771 838 844 890 IV,
884 840 954 881 12³
988 838 1057 894 (cf.
1083 838 1251 881 Athen.
1276 853 1362 894 299
1385 839 1432 894 d)
1463 839 1665 883 traditur.

233 909 302 953 De
336 909 430 953 Nisi
465 910 587 966 regis
623 924 752 953 coma
786 924 1016 966 purpurea
1051 909 1208 964 (schol.
1245 908 1315 952 De
1348 924 1464 956 sacr,
1505 925 1576 967 15;
1624 926 1665 967 p,

120 996 209 1038 150,
260 982 326 1027 16>
375 981 510 1023 refert
550 981 764 1037 Apollod.
808 980 875 1031 HI,
928 984 1012 1038 15⁵,
1057 980 1189 1022 Faus.
1235 979 1263 1030 Ι,
1310 982 1390 1036 19⁴.
1444 980 1577 1026 Paus,
1613 997 1666 1023 eo

113 1052 340 1109 discrepat
374 1060 416 1093 et
450 1067 474 1093 a
507 1051 681 1094 scholio
716 1059 758 1094 et
791 1052 846 1094 ab
882 1051 1112 1108 Apollod.,
1150 1052 1272 1107 quod
1309 1051 1412 1094 dicit
1456 1055 1595 1109 τρίχας
1629 1054 1666 1093 ἐν

113 1122 161 1178 τῇ
185 1123 338 1180 κεφαλῇ
372 1126 403 1163 οἱ
439 1131 640 1181 πορφυρᾶς
676 1126 779 1173 εἶναι,
812 1123 952 1166 schol.
996 1127 1082 1176 μίαν
1121 1126 1247 1180 τρίχα,
1283 1123 1493 1179 Apollod.
1528 1140 1666 1180 πορφυ-

113 1199 317 1252 ρέαν.,..
369 1198 493 1251 τρίχα.
558 1194 802 1237 Praeterea
837 1202 878 1237 et
913 1193 1046 1239 Paus.
1096 1202 1140 1236 et
1173 1194 1387 1250 Apollod.
1437 1194 1662 1237 Acrisium

112 1265 256 1322 ipsum
278 1280 407 1308 coma
428 1280 656 1322 purpurea
677 1266 881 1322 praecisa
906 1265 1173 1308 moriturum
1199 1280 1301 1308 6556
1328 1266 1540 1321 produnt,
1562 1280 1661 1307 cuni

111 1336 263 1381 Schol.
299 1337 417 1379 dicat
450 1339 520 1392 τὴν
544 1339 650 1378 πόλιν
675 1339 887 1378 ἀπολέσθαι.
921 1336 989 1385 (cf.
1026 1336 1150 1392 Hyg.
1186 1336 1271 1378 fab.
1314 1336 1417 1392 198:
1464 1347 1551 1378 tam
1589 1336 1661 1378 diu

119 1423 219 1451 eum
255 1418 566 1465 regnaturum,
603 1408 815 1464 quamdiu
843 1410 970 1461 .....)
1024 1406 1277 1450 Pausaniae
1310 1406 1515 1449 scholion
1551 1407 1666 1449 attri-

112 1479 341 1522 buendum
373 1494 460 1521 non
478 1490 546 1522 est
568 1487 703 1536 atque
720 1478 851 1521 etiarn
873 1479 930 1521 de
944 1478 1232 1535 Apollodoro
1247 1478 1482 1534 ambigere
1499 1478 1663 1534 possis.

229 1550 395 1594 Omnia
440 1549 610 1593 scholia
657 1549 1039 1606 mythographica
1080 1549 1228 1592 adhuc
1263 1548 1394 1591 allata
1428 1549 1467 1591 in
1504 1549 1660 1591 iisdem

110 1622 202 1664 fere
248 1621 481 1664 codicibus
524 1622 750 1677 leguntur,
795 1620 946 1663 omnia
990 1619 1362 1663 adnotatiuncula
1406 1619 1463 1662 de
1498 1619 1661 1663 Oeneo

110 1702 300 1749 excepta
346 1694 386 1735 in
422 1692 578 1735 codice
623 1691 932 1734 vetustissimo
978 1692 1021 1736 Γ.
1056 1690 1213 1745 Quare
1247 1691 1398 1734 omnia
1433 1691 1487 1733 ad
1524 1706 1659 1733 unum

110 1763 396 1806 scholiastam
435 1764 693 1806 reducenda
729 1778 909 1811 censeO,
953 1763 1027 1820 qui
1073 1762 1343 1819 Apollodori
1393 1761 1663 1805 bibliotheca

113 1849 219 1877 usus
263 1843 343 1877 est.
410 1834 688 1885 Arethas,
734 1834 770 1877 si
815 1834 918 1891 quid
964 1849 1020 1877 ex
1063 1833 1130 1876 his
1175 1833 1358 1876 scholiis
1401 1833 1663 1889 mythogra-

111 1904 252 1962 phicis
331 1905 539 1948 conicere
606 1905 728 1960 licet,
802 1904 1159 1961 Apollodori
1238 1903 1659 1947 bibliothecam

110 1991 216 2018 non
270 1976 509 2018 novisse
566 1976 819 2021 videtur.
924 1977 1186 2031 Adiungam
1239 1990 1375 2017 unum
1430 1975 1661 2018 scholion:

111 2047 224 2089 Pisc.
265 2061 336 2096 12;
388 2062 480 2103 ¹32·
515 2062 569 2103 23
604 2047 848 2090 continens
882 2047 1077 2089 fabulam
1116 2048 1171 2089 de
1205 2047 1360 2089 Ixione
1393 2055 1437 2089 et
1470 2048 1660 2091 lunone.

109 2117 335 2174 Scriptum
374 2127 442 2160 est
476 2119 530 2160 ab
555 2119 743 2161 Aretha.
814 2118 1022 2160 Narratio
1047 2118 1145 2175 ipsa
1169 2117 1322 2160 similis
1347 2125 1415 2160 est
1438 2118 1489 2169 eil
1525 2132 1658 2173 quam

111 2189 354 2243 proferunt
388 2189 602 2245 Apollod.
648 2189 751 2246 epit.
798 2189 826 2241 Ι,
860 2204 916 2231 20
950 2198 991 2232 et
1026 2188 1162 2232 Diod.
1196 2188 1270 2241 IV,
1304 2191 1444 2245 (394·5,
1489 2189 1570 2232 sed
1606 2204 1660 2231 eo

109 2259 336 2310 differunt,
372 2260 493 2316 quod
529 2268 571 2302 et
601 2260 817 2317 Apollod.
854 2259 1009 2302 tradit:
1040 2263 1057 2301 ὁ
1082 2260 1181 2308 Ζεὺς
1203 2293 1210 2301 .
1233 2295 1240 2302 .
1261 2298 1268 2306 ,
1291 2295 1297 2301 .
1323 2262 1491 2317 νεφέλην
1515 2259 1660 2313 ἐξεικά-

109 2347 182 2378 we„
200 2329 307 2388 f‘llpq.
325 2333 547 2388 παρέκλινεν
571 2332 671 2386 cib-tq?
692 2331 724 2387 ¹)
749 2339 793 2373 et
816 2330 971 2376 Diod:
1007 2333 1071 2371 τὸν
1096 2331 1162 2385 μέν
1181 2333 1248 2372 Δία
1267 2333 1426 2372 εἴδωλον
1448 2335 1660 2387 ποιήσαντα

109 2413 181 2454 τῆς
206 2401 342 2459 (ἸΙραῖ
363 2440 370 2447 .
393 2440 399 2446 .
423 2437 428 2443 .
453 2438 458 2451 ,
495 2416 594 2444 cum
628 2402 667 2444 in
693 2401 866 2445 scholio
892 2402 1122 2457 legatus-s:
1158 2401 1374 2459 τὴνἽἸραν
1398 2405 1659 2459 χαριζομένῃ

109 2474 212 2529 αὐτῷ
248 2475 416 2529 νεφέλην
451 2474 508 2520 εἰς
542 2473 681 2528 ἑαυτὴν
705 2476 960 2514 &mencionem
981 2512 987 2518 ,
1011 2506 1017 2513 .
1040 2511 1047 2518 ,
1099 2473 1341 2515 Praeterea
1365 2472 1658 2529 etymologia,

109 2557 242 2599 quam
295 2543 418 2585 addit
466 2543 678 2596 Arethas,
725 2559 872 2600 neque
921 2544 1038 2600 apud
1086 2544 1300 2600 Apollod.
1344 2557 1493 2599 neque
1537 2543 1657 2600 apud

111 2614 241 2656 Diod.
266 2613 504 2658 invenitur.
560 2614 631 2670 (cf.
652 2615 794 2659 schol.
829 2616 888 2655 καὶ
921 2616 963 2655 τὸ
998 2616 1213 2669 σύμπτωμα
1247 2616 1305 2662 εἷς
1339 2617 1458 2668 ὄνομα
1492 2615 1654 2668 ἔλαβον·

107 2687 208 2742 παρα
241 2688 309 2742 γάρ
344 2686 385 2725 τὸ
422 2686 492 2740 τὴν
526 2686 643 2742 αὔραν
675 2692 819 2726 κεντεῖν
852 2687 916 2726 τὸν
945 2684 1089 2738 Ἰξίονα
1109 2722 1116 2730 .
1138 2720 1145 2727 .
1167 2719 1175 2726 .
1211 2685 1262 2728 cf.
1289 2684 1355 2730 Et.
1379 2684 1532 2740 Magn.
1557 2699 1655 2741 503,

106 2769 187 2811 50:
221 2757 292 2796 ἀπὸ
325 2761 392 2796 τοῦ
426 2757 490 2796 τὸν
523 2759 669 2813 πατέρα
702 2757 818 2797 αὐτοῦ
846 2755 990 2809 Ἰξίονα
1023 2762 1167 2797 κεντεῖν
1200 2757 1271 2811 τὴν
1305 2756 1454 2813 αὖραν.)

228 2849 252 2892 1)
281 2849 324 2884 cf.
353 2850 506 2884 schol.
535 2849 580 2884 ΙΙ.
608 2850 653 2885 A.
682 2851 766 2885 268:
796 2849 877 2888 Ζεὺς
904 2848 937 2883 δὲ
955 2878 960 2884 .
978 2878 983 2884 .
1002 2878 1006 2884 .
1025 2878 1055 2885 ..
1082 2849 1224 2896 νεφέλην
1251 2849 1417 2894 ἑξεικαῖςας
1441 2849 1530 2896 ’Ἡρα
1556 2850 1655 2896 παρέ-

106 2905 209 2939 κλινεν
235 2905 332 2952 uiui).
