2080 3392
892 844 999 910 De
1051 843 1317 909 scholiis

444 1079 595 1122 Pauca
641 1079 804 1121 addam
850 1079 890 1121 in
939 1077 1190 1135 appendice
1235 1077 1291 1119 de
1337 1076 1520 1120 scholiis
1563 1066 1883 1120 nonnullorum

326 1151 514 1193 aliorum
571 1149 870 1206 scriptorum,
927 1164 1044 1206 quae
1094 1148 1245 1205 aliquo
1295 1148 1433 1190 modo
1484 1148 1732 1191 cohaerent
1781 1163 1881 1191 cum

326 1222 509 1265 scholiis
544 1221 784 1264 Lucianeis
830 1229 882 1263 et
921 1221 1023 1263 hoc
1070 1219 1312 1262 maxime
1357 1227 1412 1262 ut
1458 1234 1720 1262 eruerem
1755 1234 1887 1276 pro-

327 1293 497 1351 posui
530 1292 687 1343 mihi,
733 1307 951 1349 ecquae
986 1291 1427 1341 adnotationes,
1463 1290 1597 1333 aliis
1630 1291 1886 1348 scripto-

328 1365 492 1408 ribus
526 1363 849 1421 ascriptae,
883 1363 934 1406 in
968 1362 1194 1406 scholia
1229 1362 1523 1404 Lucianea
1557 1362 1886 1405 translatae

327 1447 462 1481 sint.

446 1508 580 1552 Haud
631 1508 787 1565 paucis
832 1506 943 1549 locis
990 1519 1265 1548 consensum
1310 1504 1424 1547 inter
1470 1505 1642 1547 scholia
1688 1504 1795 1547 Luc.
1843 1512 1891 1548 et

328 1580 555 1624 scholia
579 1579 748 1622 Plato
765 1579 891 1621 nica
921 1576 1189 1627 invenimus,
1215 1576 1362 1619 sedin
1386 1575 1569 1619 scholiis
1593 1577 1718 1618 velut
1740 1576 1885 1619 schol.

328 1653 438 1697 Luc.
475 1651 595 1697 Abd.
629 1651 679 1702 8;
730 1666 769 1707 p.
806 1665 904 1706 214,
954 1663 1003 1705 17
1066 1650 1282 1706 ἐρήμης]
1332 1661 1371 1685 oe
1427 1647 1568 1693 schol.
1605 1647 1714 1690 Plat.
1750 1647 1886 1704 Apol.

334 1723 431 1766 IssC
456 1725 510 1780 (p.
532 1737 614 1779 227
629 1722 698 1777 Η.)
722 1725 872 1780 ἐρήμην
895 1721 1237 1778 κατηγοροῦντες]
1270 1719 1341 1762 vel
1365 1718 1506 1764 SChOl.
1531 1718 1638 1761 LUC.
1660 1717 1818 1762 Somn.
1838 1733 1889 1775 9;

330 1811 369 1852 p,
399 1809 492 1852 154,
522 1809 577 1851 25
612 1795 819 1851 ἕρμαιον]
853 1805 896 1831 co
922 1792 1062 1835 schol.
1087 1791 1198 1837 Plat.
1226 1790 1420 1834 Phaedr.
1450 1804 1529 1846 107
1552 1789 1589 1832 C
1624 1791 1682 1846 (p.
1708 1803 1792 1846 235
1812 1789 1891 1841 H.)

329 1868 499 1924 ἕρμαιον]
544 1865 613 1920 (cf.
648 1865 788 1908 schol.
826 1863 987 1921 Symp.
1022 1864 1163 1919 217A
1201 1864 1256 1919 (p.
1282 1862 1363 1904 261
1386 1860 1484 1914 H.))
1533 1874 1788 1903 consensus
1833 1874 1889 1903 eo

329 1938 469 1980 modo
504 1936 768 1994 explicatur,
809 1935 933 1991 quod
969 1933 1141 1976 scholia
1176 1932 1284 1975 Luc.
1319 1947 1342 1975 e
1376 1931 1540 1974 Photio
1575 1932 1735 1974 hausta
1769 1939 1891 1985 sunt⁷

329 2008 503 2052 scholia
537 2008 646 2052 Plat.
683 2007 859 2050 Boetho
894 2014 937 2049 et
971 2004 1284 2048 Atticistarum
1318 2003 1473 2046 lexicis
1507 2004 1733 2046 debentur
1765 2003 1890 2053 (Met-

331 2090 460 2123 tauer
493 2080 518 2123 l.
545 2094 580 2124 c,
606 2094 647 2136 p.
671 2079 729 2135 84
747 2081 868 2135 sqq.)
887 2080 932 2131 ¹).
999 2075 1102 2119 Alia
1136 2075 1322 2127 scholia,
1358 2089 1475 2133 quae
1510 2073 1667 2125 similia
1701 2073 1742 2116 in
1775 2073 1893 2116 codi-

332 2151 459 2194 cibus
493 2150 604 2194 Luc.
638 2150 845 2193 Arethae
886 2147 1070 2192 scholiis
1115 2146 1293 2190 refertis
1327 2154 1371 2189 et
1415 2145 1455 2188 in
1508 2145 1608 2191 cod.
1645 2144 1892 2189 Clarkiano

331 2222 635 2274 inveniuntur,
682 2221 939 2264 Arethas
982 2228 1026 2263 et
1066 2220 1168 2262 loco
1203 2217 1433 2261 Lucianeo
1475 2225 1519 2260 et
1552 2216 1786 2259 Platonico
1820 2231 1894 2273 ap—

333 2294 542 2351 posuisse
576 2293 770 2345 videtur,
806 2292 930 2335 velut
963 2292 1104 2338 schol,
1139 2291 1249 2334 Luc.
1283 2289 1492 2335 Hermot,
1527 2303 1600 2346 15;
1636 2303 1677 2345 p.
1702 2302 1800 2344 241,
1842 2301 1895 2330 12

332 2366 406 2416 (de
440 2364 627 2408 oraculo
662 2363 1004 2421 Chaerephonti
1039 2363 1165 2417 dato)
1209 2374 1252 2399 ω
1287 2360 1430 2404 schol.
1466 2359 1576 2406 Plat,
1612 2359 1748 2417 Apol.
1773 2373 1824 2401 21
1847 2357 1892 2401 A

333 2442 389 2494 (p.
424 2437 510 2479 228
529 2435 602 2491 H.)
647 2435 717 2492 (cf.
752 2434 957 2479 Schanz:
1009 2433 1128 2478 Nov.
1174 2447 1338 2478 comm,
1375 2431 1484 2477 Plat.
1518 2446 1560 2488 p.
1589 2431 1702 2487 122),
1749 2429 1894 2473 schol.

337 2508 443 2551 Luc.
479 2507 660 2563 Dialog.
696 2507 823 2552 deor.
869 2506 943 2559 IV,
988 2520 1039 2557 2;
1091 2520 1130 2562 p.
1166 2519 1263 2561 270,
1310 2519 1338 2561 9
1381 2505 1472 2558 ἰδέ]
1509 2517 1549 2540 ω
1594 2501 1735 2545 schol.
1782 2500 1895 2543 Plat.

335 2578 529 2622 Phaedr.
555 2593 610 2635 72
634 2578 675 2621 A
711 2578 770 2634 (p.
795 2592 879 2634 232
905 2576 979 2630 H.)
1014 2575 1210 2629 (Schanz
1246 2590 1288 2631 p.
1322 2578 1430 2626 122),
1475 2573 1617 2616 schol.
1645 2572 1752 2615 Luc.
1777 2570 1894 2616 Tim.

456 2711 480 2755 ¹)
510 2711 634 2746 Aliter
662 2710 804 2744 iudicat
830 2710 870 2744 L.
888 2709 1039 2744 Cohn:
1067 2706 1299 2742 Untersuch.
1323 2706 1416 2739 uber
1445 2706 1480 2739 d.
1497 2704 1660 2747 Quellen
1688 2703 1724 2738 d.
1744 2702 1894 2737 Platon-

335 2771 522 2806 scholien:
559 2771 689 2816 jahrb.
724 2770 745 2805 f.
774 2770 884 2804 class.
919 2768 1054 2803 Philol.
1089 2767 1238 2812 Sppbd.
1268 2777 1310 2810 13
1351 2765 1483 2809 (1884),
1518 2775 1554 2809 p.
1590 2762 1787 2808 773—862,
1832 2760 1896 2806 qui

335 2830 583 2865 scholiastarn
620 2830 735 2864 etiam
770 2827 922 2863 lexicon
956 2827 1125 2870 Bachrn.‚
1152 2826 1173 2860 i.
1191 2838 1221 2860 e.
1250 2825 1352 2859 illam
1386 2823 1591 2868 συναγωγήν.
1629 2833 1704 2867 qua
1737 2819 1898 2855 Photius

336 2901 427 2924 usus
455 2895 524 2933 est,
551 2899 761 2934 usurpasse
789 2887 986 2922 existimat
1014 2889 1065 2931 (p.
1093 2885 1248 2931 714l15).
