2080 3392
253 800 438 844 Scholia
470 799 698 842 Lucianea
742 813 966 859 cumffln
1004 801 1064 841 ita
1098 798 1286 856 copiosa
1318 799 1420 851 sint,
1455 799 1510 843 H.
1532 798 1688 841 Rabe

134 872 174 914 in
210 871 487 915 scholiorum
523 869 731 913 editionis
765 869 1046 927 praefatione
1079 869 1233 927 (p.VI)
1268 885 1435 927 magna
1469 885 1525 912 ex
1559 878 1687 927 parte

134 943 309 1000 perisse
332 943 590 999 suspicatus
620 950 700 987 est.
767 942 898 996 Quae
932 949 1113 984 exstant
1146 941 1284 998 digna
1307 941 1534 992 videntur,
1571 956 1688 998 quae

133 1013 402 1064 accuratius,
453 1012 619 1069 quibus
652 1027 707 1055 ex
742 1011 941 1055 fontibus
992 1012 1153 1055 hausta
1201 1012 1302 1065 sint,
1358 1011 1688 1056 examinentur.

134 1084 302 1141 Magna
326 1099 432 1141 pars
457 1082 624 1126 homini
649 1098 739 1126 non
764 1083 922 1139 ignoto
953 1083 1160 1135 debetur,
1194 1084 1483 1131 Arethae1)
1519 1083 1687 1126 archi-

131 1155 390 1232 episcopo
411 1153 789 1198 Caesareensi.
825 1154 1020 1196 Maxime
1041 1153 1261 1197 Maassii
1282 1155 1379 1198 laus
1398 1162 1467 1198 est
1482 1154 1687 1197 Arethae

136 1226 243 1281 „viii
277 1241 361 1284 pro
396 1216 553 1289 aetatis
597 1225 772 1283 latione
807 1225 925 1268 haud
961 1225 1252 1269 mediocriter
1283 1226 1481 1269 sollertis
1515 1235 1558 1269 et
1592 1241 1687 1269 eru-

131 1263 232 1340 diti‘*
262 1312 430 1354 magna
463 1297 520 1339 de
541 1286 709 1340 litteris
735 1296 926 1340 Graecis
960 1297 1119 1339 merita
1152 1297 1294 1340 lllusti
1299 1312 1415 1344 asse
1480 1297 1572 1351 Qui
1596 1312 1685 1340 non

130 1369 278 1411 solum
323 1367 569 1411 Lucianum
613 1366 980 1433 adnotationibus
1023 1367 1246 1421 instruxit,
1291 1369 1373 1411 sed
1416 1368 1549 1412 etiam
1593 1368 1686 1411 aliis

130 1438 429 1496 scriptoribus
463 1433 654 1482 Graecis
698 1453 810 1495 ope1
814 1453 884 1480 am
921 1438 1149 1481 dedicavit
1183 1454 1437 1495 eorumque
1469 1439 1610 1482 libros
1645 1439 1685 1482 in

132 1510 403 1553 bibliotheca
445 1524 527 1552 sua
570 1504 780 1552 servavit
789 1509 939 1566 velut
972 1508 1245 1553 Platonis
1288 1510 1491 1553 codicem
1529 1509 1686 1553 Clar-

130 1581 380 1633 kianum,
406 1579 646 1622 Dionem
674 1542 1193 1636 Chriysostomum,
1219 1580 1543 1624 Aristiden]
1570 1581 1687 1623 rhe-

129 1651 469 1705 torem,alios.
534 1651 666 1705 Quos
702 1650 886 1707 quidem
919 1650 1169 1708 scriptores
1194 1652 1415 1695 Aretham
1442 1667 1582 1695 nosse
1615 1652 1686 1695 de-

130 1730 429 1766 monstratum
465 1730 546 1771 est,
588 1722 669 1765 sed
704 1737 807 1764 eum
842 1722 973 1764 etiam
1010 1722 1199 1765 aliorum
1234 1722 1510 1780 scriptorum
1545 1723 1686 1766 libros
1720 1711 1725 1716 ⁴

128 1795 296 1850 legisse
330 1802 372 1837 et
401 1793 621 1850 relegisse
645 1808 700 1836 ex
725 1793 1108 1844 adnotationibus,
1145 1809 1259 1850 quas
1283 1794 1407 1837 libris
1431 1794 1684 1851 adscripsit,

129 1865 339 1909 conicere
369 1865 483 1916 licet,
518 1865 641 1907 velut
676 1864 983 1917 Homerum,
1016 1865 1380 1918 Herodotum,
1415 1865 1685 1922 Thucydi-

129 1937 264 1988 dem,
309 1935 719 1987 Callimachum,
764 1935 1086 1979 Pausaniam
1129 1936 1253 1980 alios.
1320 1936 1456 1980 Haud
1494 1951 1683 1994 parvam

129 2007 198 2050 ille
231 2022 417 2064 operam
464 2006 594 2049 etiam
633 2006 872 2050 Luciano
917 2006 1041 2050 dedit
1075 2007 1347 2065 videturque
1382 2024 1438 2051 ex
1472 2008 1685 2051 diuturna

129 2078 358 2122 oblivione
392 2077 564 2135 primus
600 2078 718 2121 hunc
752 2077 1052 2136 resuscitasse
1086 2078 1354 2137 scriptorem
1391 2078 1563 2136 (Maass
1596 2079 1623 2125 l.
1648 2094 1683 2123 c

129 2150 302 2206 p.763).
367 2136 826 2193 ffiis‘ssrethae
849 2164 1014 2192 nomen
1041 2149 1081 2192 in
1117 2149 1300 2193 scholiis
1334 2158 1567 2193 servatum
1602 2158 1684 2195 est.

129 2220 304 2263 Codex
326 2219 361 2262 E
396 2219 688 2277 (Harleianus
723 2220 855 2277 5694)
900 2235 938 2263 a.
971 2235 1058 2277 914
1102 2235 1126 2263 a
1160 2225 1311 2266 Baane
1353 2221 1395 2264 in
1440 2236 1573 2264 usum
1622 2237 1685 2264 ar-

129 2290 405 2348 chiepiscopi
428 2291 541 2334 illius
565 2291 762 2348 scriptus
786 2300 868 2344 est,
903 2292 1075 2335 scholia
1106 2293 1161 2335 ab
1186 2293 1375 2339 Aretha.
1442 2293 1687 2336 Praeterea

128 2362 323 2405 maxime
357 2362 490 2406 codd.
526 2362 561 2405 Β
595 2362 745 2417 (Vind.
785 2366 897 2420 123),
933 2363 970 2407 C
1004 2363 1161 2418 (Coisl.
1197 2366 1314 2421 345),
1350 2364 1387 2407 R
1423 2364 1585 2419 (Palat.
1613 2366 1684 2421 73)

128 2433 541 2478 Aretliaescholiis
576 2434 726 2477 referti
760 2442 878 2478 sunt.
942 2434 1158 2495 Attamen
1185 2435 1357 2478 scholia
1382 2435 1586 2478 Arethae
1611 2435 1685 2477 uni

127 2519 216 2547 non
248 2504 472 2547 debentur
506 2506 655 2561 neque
689 2496 1062 2563 archiepiscopus
1104 2506 1173 2549 ille
1218 2507 1403 2558 scholia,
1452 2521 1571 2563 quae
1614 2507 1684 2549 ad-

127 2575 319 2632 scripsit,
354 2590 439 2618 suo
463 2576 647 2632 ingenio
671 2576 963 2633 excogitavit,
999 2577 1079 2620 sed
1108 2593 1132 2620 e
1155 2577 1455 2635 scriptoribus
1489 2577 1684 2635 antiquis

249 2695 273 2738 ¹)
301 2694 341 2729 E.
370 2694 549 2738 Maass,
578 2695 900 2739 ‘Observationes
916 2696 1293 2742 palaeographicae’.
1334 2697 1533 2742 Melanges
1553 2697 1686 2732 Graux

130 2764 165 2798 p.
193 2755 390 2799 749—766.
442 2753 631 2789 Conferas
658 2761 882 2801 praeterea:
911 2756 957 2791 A.
978 2756 1226 2800 Harnack,
1253 2756 1380 2790 'sexte
1409 2768 1442 2790 u.
1471 2755 1627 2792 UnterS.
1654 2767 1684 2790 z.

128 2813 263 2849 Gesch.
292 2815 326 2849 d.
355 2814 551 2849 altchristl.
579 2815 650 2850 Lit.
678 2816 737 2850 ed.
766 2816 811 2850 O.
840 2827 875 2850 v.
896 2816 1097 2851 Gebhardt
1124 2827 1158 2851 u.
1186 2816 1433 2851 Aliam-nack
1460 2817 1497 2859 1;
1524 2815 1685 2862 Leipzig

130 2873 228 2914 1882,
257 2885 292 2918 p.
306 2874 457 2919 36—46.
508 2873 672 2919 Julich
686 2887 751 2919 er,
781 2875 1142 2921 Pauly-wissowae
1169 2875 1415 2922 Realencycl.
1444 2887 1472 2911 5.
1501 2887 1536 2910 ν.
1564 2875 1632 2911 No.
1652 2889 1685 2921 9.
