2080 3392
767 356 1056 397 ‘29-

139 472 365 517 cf.Ph0t.:
401 474 618 529 ἐρεσχελεῖν
661 471 758 518 πολὺ
800 473 902 528 παρὰ
940 471 1121 511 Πλάτωνι
1166 480 1221 526 τῷ
1259 472 1458 527 φιλοσόφιζ)
1501 473 1560 511 καὶ
1593 469 1682 527 παρ’

130 544 279 585 Ἴωσιν·
315 546 443 598 γέγονε
475 543 515 584 δὲ
548 544 618 583 ἀπὸ
652 548 719 583 τοῦ
753 543 841 599 ἐρᾶν
871 543 931 582 καὶ
965 543 1036 582 ἀπὸ
1070 548 1147 597 τῆς
1180 543 1347 597 λέσχης,

254 615 555 659 Scholiastam
589 613 953 668 Etymologicum
989 612 1287 669 exscripsisse
1329 621 1372 655 et
1407 612 1606 668 glossam
1642 612 1682 654 in

137 686 323 729 brevius
347 685 628 729 contraxisse
650 684 777 726 facile
801 684 1061 741 perspicias.
1125 683 1248 726 Idem
1284 684 1448 740 probat
1476 682 1681 726 scholion

138 756 310 813 Catapl.
346 770 395 807 2;
430 770 471 812 p.
506 770 575 811 42.
615 769 667 810 19
700 754 908 797 collatum
945 769 1044 797 cum
1081 754 1146 798 Et.
1182 754 1353 810 Magno
1390 755 1484 809 184,
1520 769 1597 810 47:

406 861 559 905 Schol.
1205 859 1272 902 Et.
1308 859 1462 915 Magn.

138 945 268 999 βάόη
285 945 319 1000 ν]
369 948 496 1001 ἠρέμα
557 959 766 1000 παραγενο-
983 944 1467 1000 βάδηνάπῑόντοςῑῄρέμα
1482 959 1684 999 παρα-μνο-

136 1019 262 1067 μένου.
298 1018 469 1070 σημαίνει
502 1015 541 1056 δὲ
574 1016 634 1055 καὶ
667 1016 709 1055 τὸ
744 1016 836 1054 {Mt-
983 1017 1108 1067 μένου,
1166 1016 1189 1068 ἢ
1225 1016 1379 1064 θᾶττον,
1444 1016 1468 1068 ἢ
1512 1017 1682 1070 ταχέως.

137 1101 201 1127 τον
234 1087 294 1126 καὶ
326 1087 368 1126 τὸ
403 1088 572 1142 ταχέως,
983 1085 1231 1141 Μένανδρος
1270 1085 1337 1137 „tri
1369 1085 1415 1139 δὴ
1439 1119 1447 1127 .
1468 1119 1506 1129 ,.

253 1179 509 1228 Scholiasta
542 1187 713 1221 temere
747 1194 845 1221 eam
880 1178 1224 1234 explicationem
1260 1178 1427 1235 recipit,
1474 1193 1591 1234 quae
1626 1179 1682 1221 nil

138 1251 216 1294 nisi
261 1251 317 1293 ad
359 1251 521 1293 lemma
557 1251 676 1305 βάδην
711 1253 892 1297 ἀπιόντος
925 1250 1011 1305 (vel
1047 1250 1196 1305 potius
1231 1251 1423 1297 ἐπιόντος,
1457 1250 1580 1306 quod
1615 1265 1686 1292 ex-

135 1329 410 1378 spectamus)
445 1321 650 1378 quadrat,
695 1335 796 1363 cum
827 1320 1055 1363 Lucianus
1086 1321 1227 1362 solam
1264 1335 1424 1363 vocem
1461 1321 1581 1375 βάδην
1614 1335 1685 1362 ex-

137 1393 298 1436 hibeat.
365 1392 811 1436 Concedendum
858 1391 1039 1448 igitur
1083 1400 1162 1434 est
1208 1400 1258 1433 et
1302 1391 1685 1447 Etymologum

136 1464 352 1507 scholia
398 1471 449 1506 et
478 1462 883 1506 scholiastam
911 1462 1164 1519 aliquod
1190 1462 1684 1518 Etymologicum

137 1535 469 1592 expilasse.
536 1534 641 1588 Quo
677 1548 898 1577 concesso
933 1533 1188 1577 accuratius
1217 1534 1567 1576 examinandum
1603 1541 1686 1584 est,

137 1605 406 1663 quibusnam
449 1606 585 1648 rebus
627 1605 816 1660 singulis
861 1604 899 1647 in
945 1604 1113 1661 glossis
1148 1604 1340 1647 discerni
1377 1611 1420 1647 et
1453 1603 1685 1646 diiudicari

137 1677 292 1734 possit,
326 1685 475 1719 utrum
509 1676 567 1732 gl.
593 1691 617 1718 e
645 1676 839 1725 scholiis,
876 1691 929 1718 an
966 1691 1019 1718 ex
1044 1675 1368 1732 Etymologico
1402 1683 1582 1731 sumpta
1616 1675 1685 1720 sit.

137 1748 376 1790 Nonnullis
410 1748 448 1789 in
495 1747 662 1803 glossis
702 1747 823 1789 velut
866 1747 959 1798 illis,
996 1747 1160 1802 quibus
1195 1747 1307 1789 aliae
1340 1747 1442 1788 addi
1478 1754 1685 1803 possunt,

137 1819 418 1875 comparatio
453 1817 777 1860 dubitationem
814 1817 936 1863 tollit.
1001 1817 1119 1860 Sunt
1149 1825 1298 1860 tamen
1335 1818 1458 1867 aliae,
1504 1819 1560 1861 de
1595 1819 1686 1875 qui-

137 1889 222 1932 bus
255 1904 344 1931 non
380 1888 527 1932 statim
565 1897 735 1931 certum
772 1888 983 1931 iudicium
1018 1888 1166 1939 facias,
1204 1889 1326 1931 velut
1350 1890 1406 1932 de
1430 1890 1570 1932 schol.
1592 1889 1685 1934 Iov.

137 1969 252 2016 trag.
285 1975 363 2017 47;
398 1975 439 2017 p.
471 1960 541 2009 82,
576 1975 631 2002 22
665 1961 944 2017 χηνίσκοτ]
1012 1960 1108 2002 Hac
1141 1960 1181 2002 in
1217 1975 1265 2002 re
1300 1960 1570 2003 adiuvamur
1604 1975 1687 2003 co-

138 2030 400 2079 dicibus,
455 2030 678 2086 quibus
734 2031 982 2084 singula
1036 2031 1280 2073 scholia
1334 2032 1685 2074 traduntur.

137 2102 353 2147 Scholion
378 2101 497 2151 illud,
523 2102 645 2157 quod
671 2102 892 2145 exhibens
919 2101 1220 2158 Etymologus
1244 2103 1396 2144 laudat
1421 2102 1684 2154 Lucianum,

137 2173 301 2229 legitur
347 2172 387 2214 in
439 2173 571 2216 codd.
607 2172 696 2216 CS.
762 2172 945 2217 Scholia
991 2173 1159 2216 codicis
1203 2173 1241 2216 C
1284 2174 1444 2230 partim
1482 2175 1687 2216 Arethae

138 2245 373 2289 debentur.
439 2244 611 2287 Contra
654 2259 718 2286 ea
760 2245 1001 2287 scholia
1045 2259 1183 2301 supra
1218 2245 1363 2295 allata,
1414 2260 1568 2301 quae
1619 2261 1686 2288 ex

137 2315 578 2372 Etymologico
623 2316 840 2358 hausta
884 2330 1022 2358 esse
1065 2316 1282 2366 statui,
1333 2317 1383 2358 in
1431 2331 1546 2358 uno
1594 2331 1687 2358 co-

138 2386 271 2429 dice
305 2388 331 2426 A
374 2394 636 2430 exstant.
704 2386 952 2442 Respicias,
997 2387 1121 2443 quod
1164 2402 1304 2443 supra
1347 2387 1448 2435 dixi,
1494 2402 1593 2429 cum
1630 2387 1686 2429 de

139 2456 300 2499 Photio
335 2471 545 2512 agerem:
591 2457 759 2500 scholia
809 2457 940 2500 unius
990 2457 1158 2500 codicis
1201 2460 1227 2498 Δ
1272 2458 1541 2515 plerumque
1585 2474 1683 2501 cum

139 2526 300 2570 Photio
350 2542 607 2580 congruere
648 2535 691 2570 et
734 2537 966 2570 auctorem
1012 2529 1173 2570 horum
1219 2530 1494 2571 scholiorum
1539 2529 1683 2571 solum

139 2597 300 2640 Photio
349 2612 481 2640 usum
532 2613 647 2642 esse,
728 2599 990 2642 Eundem
1043 2599 1449 2642 scholiastam
1506 2601 1684 2643 etiam

139 2668 631 2724 Etymologicum
688 2670 1008 2726 expilasse
1063 2671 1212 2715 dico.
1292 2671 1396 2725 Qua
1445 2671 1500 2714 de
1550 2686 1687 2714 causa

138 2739 322 2790 scholia,
366 2740 401 2782 si
444 2740 660 2795 leguntur
697 2740 739 2783 in
773 2741 873 2784 solo
908 2742 1063 2784 codice
1097 2744 1137 2796 A,
1182 2758 1237 2784 ex
1272 2742 1606 2797 Etymologico,
1650 2742 1686 2785 si

139 2809 429 2853 inveniuntur
458 2811 497 2853 in
535 2812 736 2854 Arethae
771 2811 1017 2863 codicibus,
1054 2814 1076 2858 i.
1098 2828 1134 2858 e.
1160 2813 1233 2870 qui
1267 2814 1471 2855 Arethae
1504 2814 1686 2857 scholiis

139 2881 286 2923 referti
321 2890 437 2933 sunt,
484 2890 559 2924 aut
604 2882 645 2924 in
681 2882 836 2925 codice
873 2884 914 2932 Γ,
962 2884 1016 2925 ab
1053 2882 1331 2940 Etymologo
1367 2892 1549 2941 recepta
1584 2900 1686 2928 esse
