2080 3392
996 341 1286 384 „44-..

484 455 647 499 Ultima
683 456 793 497 haec
830 454 984 503 verba,
1026 469 1142 511 quae
1176 463 1280 497 sunt
1314 454 1370 498 de
1404 454 1488 498 situ
1525 455 1792 512 palaestrae,
1827 471 1914 499 non

364 526 651 569 consentiunt
687 540 785 568 cum
820 524 1066 576 Pausania;
1102 532 1300 568 erratum
1335 525 1678 583 scholiographi
1712 534 1788 568 aut
1821 526 1917 569 eius

363 596 560 639 auctoris
606 595 859 638 statuimus.
927 594 1159 638 Palaestra
1205 595 1321 638 enim
1369 595 1439 638 illa
1481 611 1568 638 non
1614 611 1758 654 prope
1792 596 1915 640 Eleu-

363 668 515 710 theras
561 666 645 709 sita
679 674 788 719 erat,
832 666 916 717 sed
953 681 1098 723 prope
1133 666 1358 717 Eleusina,
1407 667 1530 723 quod
1567 682 1827 723 cognoscas
1861 683 1917 710 ex

362 737 469 794 ipsis
497 736 749 780 Pausaniae
785 737 938 780 verbis
971 739 1090 792 (nam
1122 737 1273 794 Alope
1308 737 1408 780 fons
1443 737 1602 780 dicitur
1637 739 1757 796 apud
1792 738 1918 782 Eleu-

360 808 476 864 sina)
511 816 554 851 et
588 807 839 850 affirmatur
872 808 1063 851 aliorum
1099 808 1375 865 scriptorum
1411 808 1694 866 testimoniis,
1730 808 1916 855 cf.P1ut.

361 879 499 922 Thes
525 894 589 931 11,
617 879 750 925 Diod.
775 879 846 933 IV,
871 894 941 937 59,
966 895 1006 937 4.
1074 879 1198 923 l-Iaec
1219 879 1369 922 onmia
1404 880 1439 923 si
1476 880 1756 938 respicimus,
1790 882 1917 925 scho—

359 949 532 992 liastam
570 950 637 993 his
672 950 711 993 in
748 952 887 994 rebus
913 966 1061 1007 neque
1083 951 1433 1007 Apollodorum,
1472 966 1619 1008 neque
1644 952 1915 996 Pausaniam

359 1021 634 1072 adhibuisse,
681 1022 890 1078 quamvis
935 1036 1131 1078 magnus
1174 1021 1230 1064 sit
1275 1037 1543 1073 consensus,
1586 1023 1783 1076 maxime
1815 1039 1914 1066 cuin

360 1091 599 1144 Pausania,
637 1107 906 1149 persuasum
931 1092 1028 1150 ipse
1063 1093 1224 1143 habeo,
1262 1093 1342 1135 sed
1369 1102 1552 1150 praesto
1580 1093 1618 1136 ei
1642 1093 1780 1137 fuisse
1805 1103 1917 1137 cata-

358 1162 513 1218 logum
557 1163 785 1219 quendam
823 1162 1055 1206 hominum
1091 1164 1408 1215 scelestorum,
1455 1164 1613 1221 quales
1648 1164 1750 1207 olim
1787 1164 1917 1208 exsti-

358 1232 466 1276 tisse
511 1233 854 1277 demonstratur
888 1233 1110 1291 catalogis
1152 1234 1247 1285 illis,
1293 1234 1368 1290 qui
1412 1234 1453 1277 in
1490 1234 1663 1292 Hygini
1705 1235 1819 1279 libro
1863 1232 1946 1279 les

357 1312 543 1360 guntur.

475 1374 570 1419 Sed
615 1377 856 1420 redeamus
897 1377 953 1419 ad
988 1376 1327 1433 Apollodorum
1371 1384 1415 1419 et
1449 1376 1739 1420 conferamus
1773 1377 1916 1423 schol.

358 1446 451 1492 lov,
497 1446 611 1491 conf.
645 1447 694 1499 8;
731 1462 772 1504 p.
806 1462 876 1506 55,
912 1462 960 1490 21
1015 1462 1117 1490 cum
1161 1447 1378 1505 Apollod.
1413 1447 1482 1500 Ill,
1523 1463 1585 1499 io,
1622 1452 1758 1493 2ffi10.
1824 1449 1918 1493 Res

358 1526 427 1561 est
474 1518 531 1561 de
582 1518 861 1577 Aesculapio
912 1534 937 1561 a
986 1518 1097 1561 Iove
1146 1520 1190 1561 in
1239 1518 1505 1561 servitutem
1549 1519 1735 1562 Admeti
1795 1521 1915 1563 dato.

359 1589 596 1633 Enarratio
631 1589 728 1647 ipsa
763 1589 988 1634 consentit
1022 1598 1158 1647 atque
1193 1590 1324 1632 etiam
1355 1591 1602 1633 verborum
1640 1605 1915 1650 consensum

356 1660 464 1704 satis
501 1676 715 1718 magnum
753 1661 977 1707 videmus.
1044 1660 1187 1704 Velim
1224 1661 1433 1705 conseras
1466 1660 1601 1705 haec:
1815 1652 1818 1653 ⁷

596 1779 751 1826 Schol.
1456 1780 1672 1837 Apollod,

286 1863 345 1903 καὶ
410 1864 603 1920 ὀργισθεὶς
667 1866 684 1904 ὁ
748 1863 849 1911 Ζεὺς
910 1865 1064 1921 ἐκεραύ-
1140 1865 1240 1912 Ζεὺς
1273 1866 1312 1906 δὲ
1346 1867 1569 1923 φοβηθεὶς.
1595 1899 1603 1907 .
1630 1903 1637 1911 .
1666 1901 1674 1908 .
1703 1901 1708 1907 .
1736 1899 1744 1907 .
1772 1904 1778 1911 ,
1806 1868 1988 1924 ,ἐκεραύ-

284 1949 405 1974 νωῦεν
465 1935 592 1978 αὐτόν,
648 1936 706 1975 ε’πί
761 1937 886 1991 τούτῳ
940 1937 1064 1990 λυπη-
1139 1952 1259 1977 νωςεν
1311 1938 1425 1978 αὐτὸν
1469 1938 1529 1977 καί
1577 1939 1636 1977 δια
1684 1943 1797 1978 ταῦτ’)
1836 1936 1988 1978 ’Λπόλ-

285 2005 371 2051 θείς
401 2003 617 2046 ἾΛτῑοἹζΛυν)
662 2006 756 2054 τοὺς
795 2006 1063 2054 Κύκλωπας
1137 2008 1218 2048 λων
1301 2011 1436 2049 κτείνει
1521 2008 1790 2056 Κύκλωπας
1874 2009 1988 2056 τοὺς

285 2075 397 2124 τοὺς
421 2077 659 2124 εἰωθότας
682 2084 1063 2125 κατασκευάζειν
1139 2080 1215 2119 τὸν
1248 2081 1472 2137 κεραυνὸν
1502 2081 1572 2120 Διί
1605 2085 1986 2121 κατασκευάσαν-

285 2147 398 2195 τοὺς
431 2148 691 2205 κεραυνοὺς
724 2148 1015 2202 κατετόξευσεν,
1139 2166 1238 2198 τας.

474 2230 613 2285 Quod
637 2231 883 2275 scholiasta
908 2232 1214 2276 narrationem
1238 2234 1512 2291 Apollodori
1537 2233 1579 2276 in
1605 2232 1793 2276 brevius
1816 2248 1916 2276 con·

355 2302 487 2345 traxit
532 2301 693 2345 mirum
736 2317 825 2346 non
872 2311 953 2346 est.
1018 2303 1120 2347 Hoc
1165 2320 1268 2347 euin
1311 2305 1473 2348 secisse
1515 2305 1556 2348 in
1601 2303 1696 2347 aliis
1731 2319 1917 2361 quoque

353 2373 539 2416 scholiis
565 2373 836 2417 videbimus.
903 2375 997 2418 Cur
1031 2390 1082 2418 ea
1120 2376 1334 2424 omiserit.
1372 2391 1489 2433 quae
1509 2376 1724 2433 Apollod.
1751 2375 1792 2418 in
1828 2375 1917 2419 fine

354 2444 499 2486 addit:
535 2447 552 2485 ὁ
586 2445 626 2485 δὲ
659 2449 972 2502 παραγενόμενος
1006 2449 1064 2495 εἰς
1099 2448 1232 2505 Φεράς
1266 2450 1364 2505 πρὸς
1390 2447 1598 2502 ”’Λδμητον
1632 2448 1697 2488 τὸν
1733 2447 1916 2504 Φέρητος

354 2518 479 2572 τούτῳ
503 2518 704 2574 λατρεύων
729 2518 920 2571 ἐποίμαινε
954 2520 1014 2559 καί
1048 2521 1124 2567 τας
1159 2521 1328 2575 θηλείας
1362 2521 1461 2575 βόας
1496 2525 1624 2567 πασας
1660 2521 1915 2573 efflagito-„dmg

354 2588 542 2642 ἐποίησεν,
589 2602 679 2630 non
721 2587 900 2632 difficile
933 2589 989 2632 sit
1023 2590 1224 2646 cognitu.
1289 2590 1338 2634 Si
1373 2593 1462 2634 iarn
1507 2591 1595 2634 hoc
1639 2605 1696 2634 ex
1739 2590 1915 2633 scholio

353 2657 574 2715 suspicari
599 2658 701 2702 licet
724 2659 1000 2716 Apollodori
1024 2660 1344 2705 bibliothecam
1374 2662 1448 2705 uni
1484 2670 1606 2705 certe
1640 2660 1915 2705 scholiastae

356 2737 509 2772 notam
551 2729 703 2783 fuisse,
748 2730 860 2774 haec
894 2731 1156 2776 coniectura
1189 2733 1369 2776 fulcitur
1403 2733 1498 2777 aliis
1535 2732 1914 2790 explicationibus

355 2814 411 2842 eo
445 2815 501 2843 ex
536 2800 661 2843 fonte
695 2812 796 2844 mea
829 2802 1053 2846 sententia
1086 2804 1273 2847 haustis.

478 2871 681 2914 Primum
726 2872 912 2916 afferam
954 2875 1096 2918 schol.
1132 2874 1249 2919 Gall.
1288 2890 1360 2932 19;
1405 2890 1446 2933 p.
1476 2889 1546 2931 92,
1580 2890 1637 2918 20
1678 2873 1916 2918 continens
